2350 3086
912 72 1484 118 ——16--—

197 195 308 237 notio
320 193 508 250 primaria
518 202 577 234 est
590 193 715 248 parati
728 196 772 235 :“
790 193 892 234 nihil
901 193 1007 234 enim
1020 192 1104 234 eiua
1112 193 1291 248 Antipho
1304 192 1410 235 videt
1422 194 1526 246 qnod
1537 207 1659 248 quum
1673 195 1723 234 de
1736 209 1857 236 coena
1869 210 2001 237 sermo
2013 206 2071 239 est
2079 211 2197 252 para-

195 269 280 299 tum
306 257 441 296 dicunt
464 256 569 308 qnod
586 269 677 295 cnm
702 264 891 308 apparatu
916 264 1143 305 commutes,
1168 254 1213 294 in
1228 255 1412 309 hoe0plus
1430 255 1535 295 valet
1556 255 1666 295 notio
1683 255 1784 295 nihil
1801 265 1840 296 et
1865 257 1997 308 „nihil
2014 266 2194 313 paratum

200 322 293 360 est“
323 318 409 359 sere
435 317 539 358 idem
565 317 804 368 significaret
829 318 933 370 quod
960 316 1059 357 nihil
1084 317 1224 357 adest“
1250 316 1386 368 „nihil
1410 316 1462 356 ob
1487 316 1621 357 oculos
1647 319 1747 357 est.“
1772 338 1824 348 —
1850 316 2070 371 Supersunt
2092 319 2196 360 haud

194 380 311 437 pauci
335 379 413 421 loci
432 378 500 420 nbi
518 377 684 431 genitivi
704 377 885 433 ,partitivi
903 387 993 420 sunt
1017 378 1349 420 substantivorum
1364 391 1465 431 quae
1481 376 1675 419 abstracta
1691 377 1876 419 dicuntur
1884 376 2093 433 nhiqneds
2105 380 2195 436 pln-

194 444 292 485 ralis
318 441 474 483 notione
500 455 600 493 qnae
625 441 819 493 singulari
847 441 1090 482 contineatur
1115 441 1239 493 (quae
1277 439 1487 494 explicatio
1514 439 1634 479 etiam
1670 441 1721 480 ad
1747 448 1885 481 neutra
1910 440 2194 484 adiectivorum

194 504 385 560 pertinet)
411 501 576 555 cogitari
602 502 772 558 amplius
799 503 956 557 nequit3
994 501 1185 543 eiusmodi
1221 500 1461 545 substantiva
1486 510 1578 542 sunt
1603 516 1666 543 res
1691 502 1895 555 negotium
1920 517 2036 544 cansa
2064 505 2194 546 conai-

194 566 294 607 lium
320 564 432 605 turha
459 563 652 618 periclum
691 574 852 606 ornatus
888 580 958 618 ops
984 564 1181 604 auxilium
1217 564 1482 605 adiumentum
1515 578 1634 618 opera
1658 563 1784 605 scelus
1822 564 1964 605 vitium
1989 574 2192 620 peccatum

196 628 295 676 alia3
322 626 494 679 denique
520 641 777 680 personarum
800 626 1104 678 significationes
1128 627 1317 667 accedunt
1341 641 1439 680 quae
1464 640 1536 681 pro
1562 635 1695 667 nostra
1721 626 1919 680 cogitandi
1959 636 1999 668 et
2036 627 2191 669 dicendi

191 686 353 729 ‘ratione
392 697 437 729 ut
468 688 518 728 de
549 688 758 743 partitione
794 688 1007 741 cogitemus
1043 687 1360 742 haudquaquam.
1379 687 1617 743 permittunt.
1689 687 1736 728 ln
1763 687 1992 730 universum
2020 689 2069 730 de
2107 690 2192 730 fere

196 751 383 792 omuibus
413 751 475 791 his
500 751 694 804 exemplis
723 751 823 791 sicut
852 751 900 790 de
929 750 1125 804 plerisque
1150 760 1264 791 antea
1300 749 1488 791 enarratis
1513 749 1720 796 dicendum
1746 758 1804 791 est
1828 760 2034 804 usurpatos
2069 751 2191 793 fuisse

194 814 269 853 hos
298 811 495 863 genitivos
530 812 573 851 in
608 811 911 864 interrogatione
955 821 1021 851 ant
1060 811 1101 850 in
1139 812 1351 853 enuntiatis
1384 812 1525 865 quihus
1563 812 1778 866 quidquam
1813 821 2000 866 negatur,
2059 813 2191 856 rarius

194 875 408 929 pendentes
433 889 488 914 ex
513 874 809 928 pronominibus
835 873 1149 914 demonstrativis
1176 875 1240 917 vel
1257 874 1481 916 indefinitis.
1507 897 1559 906 -
1587 874 1722 926 ltaque
1748 875 2075 926 interrogationes
2090 877 2191 916 fiunt

197 937 318 977 etiam
345 935 472 988 magis
497 935 638 976 dubiae
664 944 778 989 atque
804 935 922 975 etiam
949 934 1112 984 gravior
1137 936 1182 975 fit
1208 935 1388 989 negatio,
1414 950 1535 990 quum
1560 935 1644 977 eins
1670 936 1730 977 rei
1755 936 1804 977 de
1832 949 1910 990 qua
1935 934 2079 977 dicitur
2098 951 2190 992 pars

198 998 462 1050 significetur,
502 1012 581 1037 non
608 1006 685 1037 tota
712 1012 773 1037 rea
799 998 927 1051 (conf.
953 996 1093 1038 Haasii
1119 998 1210 1041 adu.
1235 999 1264 1041 l.
1291 999 1352 1046 1.).
1379 999 1432 1041 V.
1457 1013 1492 1042 c.
1516 999 1637 1049 ‚,rei“
1662 1007 1800 1052 quater
1823 998 1952 1039 decies
1977 999 2079 1052 apud
2105 998 2192 1039 Te-

196 1060 368 1100 rentium
392 1059 550 1109 inveni,
588 1058 774 1099 terdecies
812 1060 984 1112 pendens
1024 1074 1046 1099 e
1081 1061 1313 1113 pronomine
1346 1061 1626 1113 interrogativo
1662 1059 1842 1113 „quid,“
1880 1061 2001 1101 semel
2035 1075 2058 1100 e
2092 1075 2190 1102 voce

196 1121 322 1162 nihil:
361 1122 455 1162 And
482 1123 522 1163 2.
548 1122 586 1162 6.
615 1121 679 1162 26.
760 1119 872 1161 Simo
900 1131 1105 1175 postquam
1132 1120 1293 1163 Davum
1320 1122 1602 1177 parsimoniam
1626 1137 1749 1164 suam·
1767 1121 2052 1177 vituperantem
2077 1122 2191 1163 audi-

194 1184 253 1225 vit
277 1192 316 1224 et
340 1183 489 1235 „istaec
515 1192 619 1223 recte
646 1194 687 1223 ut
711 1184 836 1223 liant“
862 1198 904 1223 se
930 1184 1106 1224 visurum
1133 1198 1217 1224 esse
1242 1199 1357 1224 servo
1384 1186 1595 1239 respondit,
1622 1200 1675 1226 ex
1698 1184 1843 1239 seipse
1862 1183 2035 1237 quaerit:
2061 1185 2188 1238 „qnid

192 1245 266 1285 hoe
283 1253 341 1284 est
366 1244 458 1285 rei?
490 1244 585 1297 quid
612 1245 677 1284 hic
702 1245 787 1285 volt
803 1254 997 1285 veterator
1021 1245 1097 1284 sibi
1107 1245 1156 1285 2²⁴⁶
1182 1255 1219 1284 et
1238 1246 1305 1285 illa
1319 1246 1622 1299 interrogatione
1648 1246 1823 1286 animum
1844 1245 2114 1297 indignantem
2139 1260 2186 1286 ac

194 1306 311 1347 simul
337 1306 564 1347 curiositate
601 1321 680 1347 non
719 1307 887 1347 liberum
915 1307 1054 1347 melius
1082 1306 1261 1360 patefacit
1287 1311 1414 1362 quam*
1430 1308 1464 1349 si
1504 1307 1825 1361 interrogaverit:
1865 1321 1994 1360 „quae
2030 1321 2095 1348 res
2129 1318 2188 1348 est

191 1383 310 1421 quam
335 1369 399 1409 hic
424 1379 516 1421 agat
527 1370 579 1410 ’Ν
604 1370 668 1410 vel
695 1370 845 1422 aliquid
873 1370 1014 1412 simile.
1067 1369 1241 1410 Eandem
1268 1385 1461 1411 summam
1487 1370 1751 1410 curiositatem
1774 1369 1842 1409 sed
1866 1368 1990 1409 animi
2021 1383 2186 1421 magno-

190 1445 285 1486 pere
308 1431 513 1485 stupefacti
539 1430 730 1486 exprimit
756 1431 950 1472 Phaedria
978 1431 1080 1475 Eun.
1104 1433 1142 1475 4.
1168 1437 1209 1477 3.
1237 1434 1298 1475 10.
1333 1431 1465 1473 audito
1500 1431 1723 1473 eunuchum
1747 1445 1771 1471 a
1797 1444 1839 1471 se
1864 1430 2051 1471 donatum
2068 1430 2187 1472 devo·

190 1493 277 1534 veri
304 1508 328 1534 a
353 1493 501 1548 Pythia
529 1493 699 1534 Thaidis
724 1509 838 1534 serva
866 1495 1016 1535 dicens:
1043 1496 1135 1548 quid
1163 1496 1263 1537 istuc
1290 1504 1347 1534 est
1371 1494 1461 1535 rei?
1488 1493 1724 1535 simillimus
1748 1492 1839 1533 huic
1863 1493 1951 1532 loco
1976 1500 2056 1532 est:
2083 1491 2186 1534 Eun.

186 1554 226 1597 4.
254 1557 292 1597 7.
318 1555 394 1596 342
437 1570 530 1597 nam
557 1571 681 1610 quum
720 1556 800 1596 iam
823 1556 891 1597 diu
919 1565 1020 1599 inter
1044 1558 1206 1598 militem
1233 1556 1449 1609 gloriosum
1487 1556 1777 1610 parasitumque
1802 1563 1840 1595 et
1865 1552 2112 1595 Chremetem
2137 1555 2187 1596 de

188 1616 400 1671 Pamphila
426 1617 544 1657 huius
569 1632 705 1657 sorore
731 1619 876 1672 quippe
901 1619 1057 1658 vivente
1079 1620 1119 1658 in
1145 1620 1262 1659 domo
1286 1617 1455 1658 Thaidis
1476 1632 1498 1657 a
1522 1616 1731 1658 Thrasone
1757 1624 1908 1656 amatae
1933 1613 2185 1670 disceptatum

191 1679 258 1730 sit,
285 1679 446 1720 tandem
473 1679 586 1721 miles
613 1680 790 1734 stupidus
817 1681 885 1733 qui
912 1681 990 1721 litis
1015 1698 1169 1722 causam
1192 1695 1332 1735 parum
1354 1679 1595 1719 intellexerit
1619 1679 1853 1730 interrogat:
1886 1675 1980 1729 quid
2005 1691 2095 1716 cum
2117 1677 2186 1718 illa

186 1739 440 1794 (Pamphila)
468 1741 526 1781 rei
553 1741 627 1781 tibi
654 1742 737 1783 est?
755 1764 804 1771 —
824 1742 953 1781 minus
979 1753 1080 1784 certe
1106 1752 1228 1786 esset:
1258 1755 1376 1796 quam
1402 1755 1487 1783 rem
1512 1749 1555 1781 tu
1582 1740 1701 1781 habes
1727 1737 1927 1781 camilla?
1954 1739 2057 1791 qnod
2072 1738 2184 1780 nohis

186 1803 428 1856 permitteret
454 1814 497 1844 ut
524 1803 776 1845 Chremetem
805 1821 894 1844 cum
922 1806 1074 1858 virgine
1098 1822 1182 1847 rem
1210 1819 1323 1860 posse
1351 1805 1495 1844 hahere
1520 1804 1804 1857 cogitaremus,
1843 1800 1911 1842 sed
1945 1800 2070 1854 „quid
2094 1802 2186 1842 rei“

187 1863 237 1905 de
262 1865 343 1907 ulla
369 1876 481 1922 parte
506 1866 593 1922 ipsa
620 1866 679 1908 rei
705 1866 871 1908 alicuius
897 1867 1068 1920 cogitare
1090 1884 1161 1910 nos
1186 1876 1306 1911 vetat.

373 1929 494 1972 Gonf.
520 1938 723 1984 praeterea
752 1929 851 1971 Hea.
878 1932 916 1971 2.
945 1932 983 1971 2.
1011 1932 1047 1972 8.
1087 1930 1340 1986 'pergin’istuc
1365 1933 1473 1986 prius
1500 1927 1715 1969 diiudicare
1739 1942 1857 1984 quam
1883 1939 1984 1973 scias
2007 1937 2105 1982 quid
2127 1933 2189 1970 rei

187 2000 287 2036 siet?
315 1995 373 2036 lh.
398 1992 438 2034 «t.
465 1992 504 2035 4.
529 1994 595 2034 21.
625 1991 719 2044 qnid
747 2002 804 2033 est
832 1992 920 2033 rei?
953 1995 990 2035 4.
1016 1996 1052 2035 7.
1077 1997 1116 2036 2.
1142 1995 1236 2045 quid
1263 1994 1321 2033 rei
1347 2002 1448 2033 esset
1473 1991 1575 2032 dixti
1602 1992 1721 2033 huic?
1760 1993 1840 2034 Ad.
1865 1994 1904 2033 2.
1934 1995 1969 2032 1.
1996 1992 2062 2031 21.
2089 1990 2184 2043 qnid

188 2057 265 2097 hoc
288 2055 362 2095 reii
387 2055 469 2095 est?
513 2053 572 2095 lh.
598 2056 664 2096 2³.
692 2054 786 2107 quid
813 2053 885 2094 tibi
914 2054 971 2095 rei
998 2057 1207 2098 mecumst?
1259 2056 1314 2099 ib.
1340 2054 1379 2097 4.
1403 2055 1444 2096 5.
1469 2054 1508 2095 9.
1534 2067 1594 2108 sq.
1620 2052 1685 2094 dic
1718 2053 1830 2095 sodes
1856 2061 1966 2109 pater
1990 2051 2064 2093 tibi
2089 2065 2185 2094 vero

185 2118 282 2171 qnid
309 2116 398 2156 istic
423 2116 480 2156 rei
507 2117 608 2157 snit?
639 2116 745 2158 fleo.
765 2118 805 2157 5.
828 2120 867 2158 3.
892 2117 931 2158 9.
969 2118 1058 2169 quid
1090 2119 1182 2157 huic
1218 2119 1283 2157 hie
1305 2127 1362 2157 est
1399 2118 1483 2156 rei?
1525 2116 1582 2156 lb.
1624 2117 1685 2156 12.
1711 2116 1891 2168 quidlrei
1917 2116 2001 2156 est?
2039 2114 2116 2155 Ph.
2144 2116 2182 2154 l·

183 2179 224 2223 2
250 2178 320 2222 95.
344 2177 440 2233 quid
468 2179 527 2219 rei
549 2178 679 2231 gerit?
719 2177 779 2222 lb.
804 2179 845 2223 5.
875 2181 910 2222 1.
936 2179 1001 2222 21.
1026 2179 1117 2233 quid
1156 2180 1215 2222 rei
1242 2179 1316 2221 tibi
1341 2188 1401 2221 est
1426 2193 1516 2219 cnm
1543 2177 1694 2220 familia
1722 2178 1796 2219 hae
1824 2177 1928 2218 unde
1954 2175 2068 2218 exis?
2092 2175 2185 2217 Huc

180 2242 343 2280 adiicias
383 2240 460 2281 Ph.
482 2242 521 2281 2.
548 2244 588 2282 3.
615 2243 677 2282 74.
703 2250 833 2281 tecum
873 2242 930 2280 nil
958 2242 1013 2280 rei
1039 2243 1151 2281 nobis
1186 2252 1245 2282 est
1274 2264 1324 2272 —
1351 2242 1453 2293 quod
1491 2248 1621 2281 verto:
1674 2240 1755 2284 {mit
1780 2239 1857 2283 Ὲίτ
1883 2239 1999 2291 buben
2024 2237 2093 2281 wit·
2118 2248 2184 2291 gat·

183 2304 296 2356 nicht&
322 2316 367 2358 διε
399 2303 560 2356 sebasten.
627 2302 789 2344 Praeter
822 2304 1055 2345 vocabulum
1092 2320 1166 2346 res
1201 2304 1289 2345 dico
1328 2303 1431 2356 quod
1468 2317 1589 2357 parvo
1628 2310 1826 2343 momento
1860 2301 1911 2341 ab
1945 2300 2016 2341 illo
2051 2299 2183 2341 differt

186 2366 376 2418 officium,
402 2365 535 2406 sexies
561 2366 663 2420 apud
691 2365 926 2406 Terentium
952 2366 993 2405 in
1021 2366 1324 2420 interrogatione
1350 2365 1543 2421 positum3
1565 2373 1609 2405 ut
1632 2364 1744 2406 And.-
1757 2364 1798 2405 5.
1815 2364 1856 2406 2.
1873 2362 1913 2404 8.
1938 2361 2043 2403 idem
2069 2360 2183 2404 Simo

184 2427 297 2469 cuius
321 2442 437 2484 snpra
463 2428 703 2470 mentionem
733 2427 940 2470 iniecimus
966 2430 1014 2469 ad
1041 2431 1205 2471 eundem
1241 2429 1352 2470 illum
1383 2427 1541 2469 Davum
1567 2426 1644 2469 sibi
1671 2425 1847 2467 maxime
1872 2423 2044 2466 invisum
2070 2423 2181 2465 cuius
2225 2431 2229 2436 '

186 2501 435 2546 conspectum
463 2492 536 2534 vix
562 2493 723 2534 tolerata
764 2493 880 2546 quid,
907 2492 1057 2546 inquit,
1082 2493 1170 2534 istic
1195 2493 1268 2533 tihi
1295 2492 1491 2545 negotist?
1529 2490 1673 2533 Censet
1697 2489 1820 2543 igitur
1846 2504 1895 2530 ne
1921 2498 2074 2545 partem
2093 2486 2184 2541 qni-

183 2553 276 2594 dem
306 2554 452 2605 negotii
476 2555 513 2596 ei
541 2555 617 2596 isto
645 2571 730 2596 esse
755 2556 842 2596 loco
870 2565 912 2596 ut
931 2548 1145 2610 praesentia
1174 2557 1258 2597 eius
1285 2555 1509 2608 neutiquam
1528 2568 1626 2607 opus
1650 2552 1715 2594 sit.
1793 2551 1936 2594 Simile
1961 2559 2019 2592 est
2044 2563 2182 2589 exem-

184 2616 295 2670 plum
320 2616 399 2658 Ad.
414 2616 453 2657 4.
471 2619 511 2660 5.
535 2618 573 2661 4.
599 2618 669 2659 uhi
698 2618 919 2660 Aeschinus
945 2618 1108 2661 miratus
1132 2618 1237 2674 quod
1264 2616 1321 2658 ibi
1348 2626 1496 2671 patrem
1522 2613 1667 2658 viderit
1691 2613 1760 2656 uhi
1784 2623 1828 2656 ut
1853 2613 1937 2668 ipae
1963 2625 2043 2652 non
2068 2610 2180 2652 vide-

181 2689 271 2720 atur
295 2694 349 2720 ex
374 2678 510 2720 animo
536 2691 639 2733 optat
664 2695 868 2735 suppressa
896 2697 994 2724 voce
1025 2697 1108 2723 sese
1134 2683 1368 2732 interrogat:
1414 2679 1509 2733 quid
1536 2677 1629 2719 huic
1654 2677 1719 2718 hic
1744 2675 1943 2730 negotist?
1970 2673 2073 2726 quod
2098 2688 2181 2714 non

181 2741 294 2782 aliter
316 2750 375 2783 est
391 2756 430 2784 v.
449 2741 491 2783 8.
518 2755 639 2795 quum
651 2752 739 2784 ante
767 2743 928 2784 eandem
956 2745 1115 2785 domum
1129 2752 1241 2800 pater
1264 2742 1313 2783 ad
1339 2740 1464 2782 filium
1489 2739 1614 2781 dicat:
1640 2739 1724 2792 „ita
1750 2743 1866 2791 (ergo
1884 2749 1963 2776 ¹²⁰¹!
1980 2734 2181 2789 Pfllmfik
