2350 3086
601 549 712 599 De
760 547 1055 610 genitivi
1105 558 1236 597 usu
1286 546 1740 597 Terentiano.

171 750 363 828 Prima
390 779 487 819 mihi
513 795 536 821 a
562 781 700 821 schola
719 780 915 821 scribendi
941 780 1143 821 occasione
1169 781 1296 820 oblata
1323 793 1402 818 uon
1429 779 1568 819 abduci
1602 794 1666 819 me
1699 779 1750 819 ab
1775 778 1825 819 iis
1852 780 1990 830 rebus,
2026 780 2164 833 quibus

171 842 379 896 aliquando
403 856 561 896 operam
591 843 785 895 dederam,
812 857 951 882 verum
977 842 1113 882 reduci
1138 843 1184 881 ad
1209 842 1299 881 illas
1317 841 1510 881 volebam.
1538 865 1587 871 —
1616 839 1732 880 Multi
1759 840 1917 894 quidem
1942 841 2164 883 etiamnunc

169 913 274 955 sunt,
299 903 368 959 qui
392 904 483 945 licet
508 904 583 959 ipsi
609 919 633 945 a
659 904 818 945 Graecis
842 919 888 945 ac
914 903 1105 945 Romanis
1132 904 1249 944 musis
1275 902 1412 943 nutriti
1437 912 1474 943 et
1506 903 1657 943 educati
1696 903 1777 943 siut
1812 912 1945 944 tamen
1981 918 2061 944 nou
2098 905 2165 945 de-

170 966 301 1008 sinant
325 966 528 1021 increpare
554 980 640 1017 eos,
683 966 751 1021 qui
775 980 968 1007 summam
993 975 1213 1007 nostrorum
1239 964 1444 1006 homiuum
1480 965 1736 1006 eruditionem
1767 965 1810 1005 in
1842 966 2071 1020 antiquitate
2095 981 2167 1022 po-

170 1037 284 1068 nant:
309 1027 368 1067 illi
396 1037 498 1067 certe
526 1029 721 1068 immerito
747 1028 946 1068 clamitant
970 1038 1086 1080 atque
1113 1030 1163 1067 ob
1189 1029 1262 1067 hoc
1288 1029 1454 1067 multum
1480 1029 1705 1081 reprehensi
1731 1043 1805 1068 nec
1829 1028 2041 1081 quidquam
2063 1030 2166 1081 quod

170 1088 338 1145 amplius
377 1090 641 1132 contradicant
678 1091 863 1132 habentes
897 1105 1073 1145 pugnare
1098 1105 1140 1130 se
1178 1099 1322 1143 negant
1355 1099 1488 1131 contra
1515 1105 1602 1131 eam
1628 1089 1733 1140 vim,
1772 1105 1888 1144 quam
1912 1090 1956 1131 in
1991 1100 2165 1132 nostram

171 1152 295 1192 vitam
320 1162 500 1193 exerceat
524 1153 755 1206 antiquitas,
798 1167 935 1192 verum
962 1152 1179 1206 philologos
1203 1158 1269 1206 qui
1295 1153 1337 1192 in
1365 1154 1480 1193 rebus
1506 1152 1661 1192 minimi
1686 1154 1875 1192 momenti
1912 1152 2064 1205 ingenii
2104 1154 2167 1193 vi·

83 1214 85 1216 ’
170 1229 234 1254 res
270 1225 499 1254 consumant
533 1215 674 1268 quique
702 1215 749 1254 de
782 1215 872 1254 lana
900 1214 1059 1268 caprina
1086 1214 1256 1267 litigent,
1293 1216 1537 1256 adversarios
1575 1216 1649 1255 sibi
1670 1230 1823 1255 sumere
1849 1230 1890 1256 se
1918 1216 2165 1269 profitentur.

176 1272 327 1316 Ceteris
353 1291 448 1318 vero
474 1276 757 1331 praetermissis
783 1276 933 1318 etiamsi
959 1285 1046 1331 post
1074 1277 1211 1319 multos
1243 1278 1397 1318 labores
1431 1277 1577 1331 singuli
1615 1276 1768 1331 singula
1805 1285 1954 1318 tantum
1981 1277 2163 1329 afferant,

171 1339 273 1378 utin
302 1339 385 1379 dies
414 1340 539 1390 magis
561 1340 800 1392 antiquitatis
825 1340 997 1391 cognitio
1021 1349 1059 1379 et
1084 1340 1237 1391 liuguae
1255 1350 1294 1380 et
1317 1341 1421 1381 vitae
1447 1350 1647 1392 augeatur,
1682 1340 1781 1379 nihil
1807 1350 1938 1380 tamen
1954 1341 2058 1392 quod
2080 1354 2166 1379 ma-

170 1398 281 1440 xima
307 1414 398 1440 cum
422 1415 539 1455 opera
565 1400 705 1455 aliquis
730 1401 923 1457 pepererit
946 1400 1118 1441 recusari
1143 1403 1274 1453 debet3
1311 1402 1351 1443 id
1379 1403 1481 1456 quod
1506 1401 1640 1442 animo
1679 1403 1869 1452 agitantes
1894 1401 2087 1456 philologi
2112 1403 2163 1442 ab

172 1476 291 1517 opera
312 1463 377 1504 vel
402 1463 578 1505 minimis
603 1466 719 1505 rebus
746 1465 925 1505 navanda
950 1479 1029 1505 nou
1055 1465 1308 1507 abducuntur.
1390 1464 1480 1519 Qua
1506 1466 1554 1506 de
1590 1480 1703 1506 causa
1730 1464 1908 1519 equidem
1942 1479 2021 1505 uon
2048 1464 2164 1505 dubi·

171 1525 253 1565 tavi
279 1526 328 1564 ad
355 1541 445 1566 eum
466 1527 707 1579 antiquitatis
734 1527 963 1579 scriptorem
988 1542 1051 1566 me
1076 1528 1260 1581 recipere,
1285 1529 1328 1567 in
1355 1544 1432 1581 quo
1458 1543 1577 1581 quum
1601 1528 1701 1568 civis
1725 1527 1968 1567 academicus
1994 1541 2104 1566 eram
2126 1536 2165 1565 et

170 1586 305 1640 paullo
331 1598 419 1642 post
442 1588 512 1629 illa
536 1599 711 1644 tempora
738 1604 896 1643 operam
924 1590 1130 1643 ponebam,
1159 1591 1223 1631 sed
1250 1606 1273 1631 a
1300 1605 1377 1644 quo
1404 1605 1614 1644 puerorum
1641 1599 1679 1629 et
1704 1588 1813 1629 ducis
1838 1599 1877 1629 et
1902 1587 2081 1641 magistri
2098 1603 2167 1628 ne-

171 1648 290 1700 gotiis
316 1659 447 1704 postea
473 1661 645 1692 remotus
670 1654 842 1693 tenebar.
895 1650 946 1691 Et
970 1652 1149 1693 volebam
1174 1653 1344 1706 primum
1372 1661 1548 1692 constare
1575 1660 1687 1706 capto
1722 1651 1900 1705 superius
1925 1650 2090 1691 consilio
2113 1651 2168 1689 le·

170 1724 265 1762 gum
294 1713 610 1764 prosodiacarum
638 1724 676 1754 et
700 1714 951 1754 metricarum
976 1729 999 1753 e
1017 1714 1196 1755 Terentii
1218 1715 1398 1755 versibus
1424 1713 1741 1761 deriv‘audarum,
1768 1713 1817 1752 ad
1841 1727 1958 1765 quam
1984 1727 2067 1752 rem
2084 1712 2170 1765 pri·

170 1785 281 1811 mum
308 1774 537 1827 opusculum
563 1785 827 1830 spectaverat3
862 1776 930 1816 sed
957 1785 1000 1816 ut
1025 1775 1237 1818 diutissime
1263 1776 1327 1818 his
1352 1776 1469 1817 rebus
1494 1791 1654 1831 operam
1672 1775 1936 1827 conferebam,
1961 1774 2015 1815 ita
2032 1772 2167 1815 vanis-

169 1834 310 1875 simam
336 1835 445 1877 illam
470 1839 646 1893 judicare
670 1839 883 1889 debebam,
923 1838 1000 1880 nisi
1026 1840 1074 1880 de
1098 1839 1273 1881 omnium
1299 1839 1659 1893 antiquissimorum
1686 1838 1861 1878 codicum
1887 1837 2079 1892 scriptura
2106 1836 2168 1877 di·

169 1895 426 1949 ligentissime
451 1914 576 1941 essem
602 1901 771 1942 edoctus.
834 1900 951 1941 Hanc
976 1902 1027 1942 ob
1054 1917 1138 1942 rem
1163 1903 1208 1942 ad
1233 1903 1398 1943 alteram
1431 1902 1584 1942 consilii
1611 1911 1761 1956 partem
1785 1900 2075 1953 exsequendam
2101 1914 2168 1939 ac-

170 1957 385 2013 cingebar,
424 1972 466 2003 ut
493 1964 560 2017 qui
585 1978 712 2004 sermo
739 1973 838 2004 esset
862 1962 1040 2005 Terentii
1067 1964 1329 2018 inquirerem:
1370 1980 1487 2020 quam
1522 1965 1570 2005 ad
1611 1979 1694 2005 rem
1722 1978 1957 2018 quamquam
1985 1962 2167 2015 multum,

170 2019 300 2062 miuus
326 2032 457 2066 tamen
483 2027 661 2078 referret,
688 2027 780 2080 quid
806 2026 1089 2068 vetustissimus
1115 2028 1275 2081 quisque
1301 2029 1405 2069 liber
1428 2029 1643 2083 praeberet.

356 2086 536 2140 Linguae
561 2089 795 2142 populorum
833 2088 1081 2142 antiquorum
1117 2099 1198 2130 tum
1223 2089 1364 2131 Graeci
1391 2101 1475 2131 tum
1501 2090 1634 2131 Latini
1674 2089 1851 2130 nondum
1889 2089 1943 2129 ita
1983 2096 2165 2128 tractatae

168 2160 259 2191 sunt
284 2163 307 2189 a
345 2149 630 2201 grammaticis,
671 2159 714 2190 ut
740 2150 924 2191 historica
959 2150 1209 2204 grammatica
1234 2167 1353 2205 quam
1389 2153 1523 2193 dicunt
1547 2178 1595 2193 ,-
1626 2152 1781 2205 qualem
1807 2150 1999 2191 sermonis
2023 2163 2164 2190 verna·

167 2211 248 2252 culi
290 2210 459 2254 Iacobus
504 2211 658 2254 Grimm
703 2213 933 2269 conscripsit
974 2236 1027 2246 -
1070 2214 1150 2254 iam
1193 2228 1298 2255 nuuc
1351 2224 1563 2258 uteremur.
1642 2213 1728 2256 Etsi
1771 2214 1851 2255 viri
1893 2212 1995 2254 docti
2045 2210 2163 2251 huius

167 2274 274 2314 illius
302 2274 503 2328 scriptoris
528 2276 682 2316 dicendi
706 2290 820 2316 usum
846 2277 1044 2330 explicare
1067 2277 1306 2332 inceperunt,
1333 2289 1463 2319 tamen
1495 2279 1586 2332 quia
1613 2279 1736 2318 multo
1762 2278 1893 2316 minus
1917 2290 2032 2328 quam
2058 2273 2163 2326 quod

167 2335 363 2379 sufficeret
376 2337 579 2378 collectum
594 2347 665 2390 est,
689 2338 864 2378 noudum
888 2339 984 2379 illud
1003 2339 1091 2380 fieri
1117 2339 1251 2395 potuit,
1302 2339 1388 2382 Nec
1401 2355 1498 2382 vero
1523 2341 1556 2381 si
1575 2340 1661 2395 quis
1686 2339 1762 2379 tale
1781 2352 1877 2392 opus
1903 2337 2060 2377 efficere
2077 2350 2166 2376 mo·

167 2399 329 2451 liretur,
365 2400 451 2442 sine
476 2402 716 2455 reliquorum
741 2416 814 2456 ope
841 2403 1025 2455 perficere
1052 2412 1202 2457 posset,·
1238 2404 1305 2443 sed
1330 2404 1449 2445 etiam
1481 2411 1716 2457 comportata
1743 2399 1975 2441 aedificandi
2000 2398 2165 2440 materia

167 2476 266 2518 opus
290 2461 470 2503 relictum
494 2465 653 2506 haberet
679 2465 840 2518 dignum
879 2465 922 2505 iu
954 2467 1057 2520 quod
1079 2478 1248 2507 summas
1273 2464 1380 2507 vires
1413 2466 1653 2521 impenderet
1691 2463 1830 2516 cuique
1871 2462 2041 2503 feliciter
2078 2475 2169 2517 per-

162 2525 271 2566 fecto
294 2525 512 2580 praemium
543 2528 792 2581 largiremur.
843 2526 977 2581 ltaque
1016 2544 1138 2583 quum
1163 2543 1252 2569 suae
1291 2529 1453 2583 quisque
1483 2528 1648 2581 scriptor
1674 2525 1809 2566 aetatis
1846 2540 1979 2566 mores
2005 2538 2168 2579 expres·-

169 2587 277 2639 serit,
304 2588 522 2645 quicunque
549 2591 738 2645 perlectus
763 2590 858 2641 erit,
886 2606 1004 2646 opera
1029 2593 1089 2635 illi
1116 2599 1253 2636 navata
1281 2591 1410 2633 inanis
1435 2605 1515 2632 nou
1539 2590 1632 2641 erit3
1669 2588 1785 2630 facile
1811 2598 1943 2631 tamen
1969 2587 2166 2630 maximos

169 2664 262 2691 usus
287 2653 336 2692 ad
364 2662 535 2694 nostram
561 2668 646 2693 rem
672 2657 808 2709 poetae
835 2655 1037 2694 dramatici
1062 2656 1224 2696 afferent
1252 2664 1292 2695 et
1317 2666 1489 2694 oratores
1525 2653 1743 2707 pervoluti,
1783 2653 1927 2707 quippe
1970 2652 2039 2705 qui
2071 2664 2166 2704 prae

165 2711 311 2754 ceteris
341 2729 432 2757 suas
464 2725 604 2758 aetates
631 2731 677 2756 ac
702 2726 877 2772 tempora
901 2731 973 2758 nos
996 2717 1158 2774 edocere
1182 2718 1341 2774 possint.

1888 2786 1910 2823 l
