2350 3086
905 87 1476 130 -αιθμ-

201 230 352 260 meum
394 228 465 267 pro
499 214 592 253 odio
643 211 734 251 mei
775 209 945 263 positum
984 209 1214 249 senteutiam
1253 208 1459 259 turbaret).
1537 208 1719 260 Denique
1752 219 1926 261 superest
1964 211 2191 265 exemplum

205 276 380 320 maxime
405 273 662 317 memorabile
685 270 787 314 Heu.
813 273 850 313 1.
879 274 914 314 l.
940 271 1005 313 98.
1034 284 1143 311 meus
1167 271 1377 326 particeps;
1405 283 1639 324 quamquam
1665 283 1759 312 vere
1786 283 1866 311 uon
1891 269 1997 313 inter
2021 270 2091 315 illa
2116 287 2192 314 nu-

203 339 434 379 merandum
459 348 530 387 est,
557 350 649 388 nam
675 348 807 374 mens
842 336 1083 388 particeps
1120 333 1164 372 in
1190 348 1259 374 ore
1285 332 1504 373 Menedemi
1530 346 1611 373 non
1637 342 1694 374 eat
1714 332 1820 372 filius
1845 333 1989 387 quippe
2014 335 2083 387 qui
2106 334 2191 375 Me.

197 399 355 442 nedemi
382 399 433 441 sit
466 396 657 454 particeps
695 410 836 438 verum
863 411 953 438 cnm
981 394 1210 446 Menedemo
1250 393 1356 437 omni
1394 392 1596 447 voluptate
1630 394 1786 440 fruatur
1821 393 1948 449 (conf.
1973 409 2076 439 vers.
2100 395 2189 444 97.)

199 461 287 502 lam
313 462 361 501 ad
381 475 426 501 ea
447 459 629 513 exempla
656 467 813 497 transeo
840 473 939 512 qnae
965 457 1157 509 genitivos
1184 458 1268 496 eius
1296 457 1449 509 generis
1475 456 1523 513 dc
1548 455 1689 509 quihus
1715 457 1831 497 modo
1856 456 2034 496 diximus
2057 458 2191 498 verbis

202 524 348 566 liabent
387 522 582 564 seiunctos
621 535 644 561 a
682 520 908 561 nominibus
934 536 956 560 e
981 518 1120 573 quibus
1146 519 1333 573 pendeut3
1372 518 1438 558 sed
1465 517 1568 559 inter
1593 518 1774 573 exempla
1806 533 1886 560 non
1910 533 2032 573 panca
2068 521 2192 561 unum

202 594 352 625 tantum
377 584 480 636 apud
508 582 744 622 Terentium
771 582 972 621 invenitur
998 580 1066 619 ubi
1092 593 1164 632 pro
1189 582 1312 621 verbo
1337 579 1578 619 substantivo
1604 580 1708 631 quod
1742 579 1877 619 dicunt
1901 581 2066 621 verbum
2092 579 2197 620 dici

202 647 251 688 ad
276 654 483 700 utramque
508 644 710 686 notionem
736 642 1031 696 disiungendam
1058 651 1278 697 usurpatur.
1341 639 1455 683 Cous.
1481 640 1552 682 hos
1576 640 1706 682 locos:
1749 640 1856 683 And.
1884 643 1921 684 1.
1945 643 1984 685 3.
2010 644 2074 685 13.
2100 656 2193 684 nam

196 708 408 760 inceptiost
426 706 642 747 amentium
662 707 739 745 hau
756 706 1006 753 tamautium3
1033 704 1136 745 Eun.
1153 706 1192 746 3.
1212 708 1248 746 1.
1267 706 1332 748 19.
1348 705 1506 756 (homo)
1524 712 1580 742 est
1597 717 1880 756 perpaucorum
1899 704 2116 746 bominum.
2142 704 2191 745 G.

198 767 324 811 immo
350 768 565 811 nullorum.
591 765 695 809 Eun.
721 766 811 809 5.8.
831 767 892 808 10.
920 765 1031 807 fatris
1057 764 1177 818 igitur
1193 764 1321 808 Thais
1346 775 1423 807 tota
1449 774 1517 808 est.
1568 762 1670 807 Hea.
1686 765 1726 807 2.
1744 765 1781 806 3.
1801 764 1865 807 92.
1891 773 1998 807 tuam
2024 764 2190 807 amicam

200 832 320 873 huius
344 846 440 873 esse.
493 831 571 873 Ad.
598 829 636 872 4.
655 832 693 873 3.
711 830 748 872 9.
776 830 858 870 eius
886 843 968 869 esse
997 828 1106 869 illam
1127 829 1342 883 psaltriam.
1392 828 1491 871 Hec.
1515 829 1555 873 5.
1571 830 1610 871 3.
1629 827 1692 870 14.
1711 827 1925 870 diiudicare
1951 842 2032 869 non
2057 843 2191 883 possu-

201 909 291 934 mus
305 909 400 934 num
427 902 601 945 gnatae
626 893 820 943 genitivus
841 891 890 930 sit
915 906 965 929 an
984 891 1150 931 dativus.
1202 891 1443 931 Pronomiua
1463 891 1665 930 nominum
1684 891 1771 929 loco
1790 890 1998 929 habemus.-
2025 891 2132 931 And.
2151 893 2190 933 4.

201 958 241 998 5.
269 957 332 998 15.
350 971 449 1010 quae
473 954 579 994 illius
604 955 782 1003 sueruut3
811 950 911 994 Hea.
937 952 1035 1006 prol.
1061 953 1108 994 2.
1125 968 1224 1005 quae
1247 963 1337 994 sunt
1363 951 1682 999 adulescentium;
1709 951 1764 993 ib.
1787 951 1825 993 4.
1842 953 1881 993 3.
1899 951 1964 992 25.
1991 951 2093 992 hanc
2105 967 2190 993 esse

204 1017 459 1072 Clitiphonis3
491 1018 529 1058 5.
557 1019 596 1058 2.
624 1018 688 1058 32.
713 1029 792 1055 uon
819 1029 902 1055 esse
929 1016 1068 1054 horum
1094 1024 1131 1055 te
1158 1017 1282 1064 (cous.
1307 1030 1347 1058 v.
1372 1015 1436 1057 43.
1462 1014 1571 1054 cuius
1602 1014 1697 1065 sis);
1737 1015 1816 1055 Ad.
1840 1014 1879 1055 4.
1904 1014 1943 1055 4.
1968 1015 2032 1057 17.
2055 1014 2191 1055 fratris

203 1095 289 1120 esse
313 1080 431 1128 hanc;
457 1078 517 1119 lb.
543 1077 580 1118 4.
599 1080 635 1118 7.
655 1077 718 1117 18.
745 1077 841 1115 haec
867 1076 995 1127 magis
1018 1086 1107 1116 sunt
1132 1077 1317 1117 hominis.
1376 1075 1453 1115 His
1478 1076 1595 1115 addas
1620 1074 1722 1117 Hea.
1745 1077 1786 1115 2.
1811 1077 1850 1117 3.
1876 1076 1941 1116 93.
1966 1089 2011 1114 ca
2039 1089 2191 1128 quoque

203 1140 352 1181 dicetur
376 1140 506 1181 huius.
557 1137 705 1179 Refero
733 1138 810 1178 huc
838 1138 955 1177 etiam
975 1147 1156 1190 quattuor
1180 1138 1287 1178 locos
1312 1137 1381 1178 ubi
1399 1138 1559 1191 copulae
1582 1137 1732 1177 adiecta
1757 1146 1848 1178 sunt
1873 1137 2064 1178 adiectiva
2089 1150 2191 1191 pro-

199 1202 335 1256 prius
357 1211 400 1241 et
426 1200 711 1242 communis:
739 1200 845 1241 And.
872 1201 910 1241 5.
937 1201 975 1240 5.
993 1202 1041 1239 3.
1067 1213 1124 1251 sq.
1150 1199 1313 1240 deorum
1339 1204 1460 1240 vitam
1486 1208 1689 1253 eapropter
1713 1198 1989 1252 sempiternam
2014 1212 2098 1239 esse
2123 1214 2190 1240 ar-

200 1263 324 1303 bitror
350 1264 451 1315 qnod
465 1263 681 1316 voluptates
706 1277 843 1301 eorum
873 1260 1053 1315 propriae
1079 1270 1181 1303 sunt.
1233 1262 1315 1307 Ad.
1338 1263 1377 1304 5.
1402 1264 1441 1303 3.
1464 1262 1526 1303 18.
1550 1271 1662 1302 vetus
1685 1261 1851 1302 verbnm
1869 1270 1940 1312 est,
1966 1261 2188 1301 communia

201 1340 284 1366 esse
309 1325 526 1365 amicorum
552 1324 656 1364 iuter
671 1339 714 1364 se
740 1323 893 1373 omnia3
921 1324 975 1364 ib.
1000 1324 1039 1365 5.
1065 1324 1103 1365 8.
1130 1324 1194 1365 30.
1222 1325 1321 1364 bene
1343 1332 1380 1363 et
1405 1322 1600 1377 sapienter
1623 1322 1725 1362 dixti
1748 1323 1894 1362 dudum
1917 1321 2058 1363 vitium
2082 1336 2190 1363 com·
2258 1369 2265 1378 ε

198 1403 317 1429 mune
352 1387 556 1428 omninum
594 1395 650 1427 est
688 1395 726 1427 et
765 1401 830 1440 qu.
862 1400 948 1440 sqq.
986 1385 1086 1431 Hec.
1123 1388 1159 1429 1.
1194 1388 1234 1429 2.
1263 1387 1324 1427 12.
1362 1385 1457 1426 haec
1492 1384 1713 1425 communia
1750 1384 1925 1425 omnium
1964 1399 2062 1438 quae
2096 1392 2191 1426 ‘suut

200 1458 367 1503 patrum.

385 1507 464 1551 Sed
506 1518 650 1550 restant
689 1509 765 1550 tria
793 1510 973 1564 exempla
1014 1509 1082 1550 uhi
1110 1524 1204 1550 num
1232 1509 1434 1552 distractus
1474 1511 1524 1552 sit
1551 1509 1747 1563 genitivus
1783 1523 1807 1548 a
1833 1506 1993 1547 nomine
2017 1508 2187 1549 dubitari

196 1586 331 1628 posen.
383 1571 486 1611 Eun.
513 1574 551 1611 3.
578 1574 617 1611 2.
644 1574 708 1611 33.
735 1586 791 1623 sq.
819 1572 856 1612 4.
883 1572 921 1611 4.
943 1574 996 1610 50
1004 1587 1017 1620 3
1054 1571 1153 1612 Hec.
1179 1572 1218 1612 4.
1247 1575 1282 1613 l.
1308 1575 1372 1613 27.
1408 1575 1620 1613 verborum
1647 1571 1872 1611 collocatioz·
1897 1584 2056 1609 servum
2082 1571 2188 1610 hunc

198 1649 281 1673 esse
306 1633 456 1672 domini
480 1633 662 1685 pauperis
687 1642 725 1670 et
751 1633 905 1683 miseri,
955 1633 1215 1671 Parmenonis
1241 1648 1325 1672 esse
1351 1635 1452 1672 hanc
1477 1635 1681 1682 technam,
1729 1633 1769 1670 id
1795 1630 1937 1670 vitium
1964 1630 2186 1684 (nunquam

198 1695 374 1744 decrevi)
402 1709 485 1735 esse
519 1698 630 1747 (ego)
671 1694 955 1736 adulescentiae
983 1721 1027 1728 -
1060 1694 1163 1748 cogit
1189 1710 1260 1735 nos
1289 1704 1331 1736 ut
1357 1695 1656 1737 disiunctionem
1680 1694 1824 1735 factam
1848 1706 1931 1733 esse
1955 1700 2188 1743 statuamus;

196 1771 322 1810 neque
347 1756 465 1795 etiam
493 1757 580 1794 loco
606 1756 734 1808 primo
759 1756 848 1794 licet
882 1758 1004 1795 hunc
1043 1766 1080 1795 et
1117 1770 1304 1796 servum
1338 1771 1537 1810 separare,
1575 1771 1672 1809 quae
1698 1757 1797 1795 duae
1820 1768 1935 1794 voces
1961 1754 2190 1792 coniunctae

197 1828 448 1875 opponuntur
473 1816 624 1859 verbis:
665 1816 813 1859 domini
842 1818 1022 1873 pauperis
1052 1828 1089 1860 et
1115 1818 1261 1861 miseri.
1313 1818 1450 1873 Neque
1476 1820 1589 1861 aliter
1613 1820 1699 1860 loco
1725 1816 1892 1860 secundo
1919 1815 2048 1858 facere
2072 1815 2191 1858 debe-

199 1896 288 1921 mus
312 1881 413 1933 quod
442 1879 766 1919 Parmenonis
791 1880 835 1918 in
862 1881 977 1919 initio
1004 1881 1281 1920 enuntiationis
1310 1881 1466 1933 legitur,
1502 1882 1667 1934 denique
1685 1881 1799 1920 tertio
1823 1879 1891 1917 nbi
1916 1892 2009 1918 sane
2035 1892 2115 1917 uou
2138 1877 2190 1916 li-

202 1952 290 1995 quet
316 1958 410 1982 num
436 1942 794 1983 adulescentiae
831 1942 882 1983 sit
908 1943 1062 1984 dativus
1087 1958 1138 1983 an
1164 1943 1360 1995 genitivus
1384 1945 1485 1996 quod
1512 1944 1615 1984 inter
1641 1943 1691 1983 id
1730 1941 1901 1984 vitium
1941 1950 1979 1980 et
2004 1940 2190 1980 adules-

195 2003 381 2045 centiae
418 2012 571 2059 praeter
606 2005 785 2058 copulam
824 2013 903 2044 tres
936 2019 1053 2045 voces
1103 2004 1354 2060 interpositae
1392 2014 1482 2045 suut
1520 2014 1557 2045 et
1594 2004 1685 2045 huic
1718 2003 1908 2044 vocabulo
1964 2001 2188 2042 omnibus

199 2066 429 2120 opponitur,
469 2081 549 2106 non
575 2081 686 2107 secus
709 2067 947 2120 impedimur
972 2068 1179 2119 quominus
1216 2078 1484 2107 construamus
1509 2068 1650 2109 verba:
1696 2067 1736 2107 id
1763 2081 1846 2107 esse
1870 2065 2011 2107 vitium
2036 2064 2193 2105 adules-

199 2127 350 2170 centiae
375 2143 500 2182 neque
525 2128 566 2169 id
593 2129 734 2170 vitium
760 2144 842 2170 esse
870 2129 1160 2171 adulescentiae.
1224 2127 1355 2169 Etiam
1381 2127 1568 2170 infinitivi
1594 2143 1666 2183 pro
1690 2126 1913 2169 nominibus
1936 2124 2054 2181 positi
2079 2123 2191 2165 simi-

195 2192 304 2246 lique
343 2192 461 2232 modo
497 2206 586 2231 cum
621 2192 806 2243 genitivis
845 2193 1072 2246 possessivis
1110 2191 1308 2234 coniuncti
1347 2192 1448 2245 apud
1485 2191 1716 2232 Terentium
1753 2189 2019 2232 inveniuntur.
2073 2186 2190 2229 Couf.

197 2254 305 2295 And.
334 2256 371 2295 1.
398 2254 438 2294 2.
466 2254 529 2293 15.
568 2267 626 2306 sq.
650 2262 708 2292 set
731 2268 836 2292 nuuc
861 2268 906 2293 ea
935 2269 995 2293 me
1032 2255 1239 2309 exquirere
1266 2253 1390 2306 iniqui
1416 2254 1537 2308 patris
1563 2263 1638 2304 est;
1679 2254 1758 2295 Ad.
1785 2253 1823 2294 4.
1849 2254 1887 2292 7.
1915 2251 1980 2291 16.
2004 2249 2191 2291 simulare

200 2325 301 2356 certe
328 2324 386 2357 est
408 2315 601 2365 hominis;
631 2315 730 2359 Hec.
755 2316 795 2358 4.
821 2319 857 2358 1.
886 2316 947 2358 14.
974 2332 1096 2371 neque
1122 2319 1219 2359 adeo
1246 2315 1428 2356 arbitrari
1454 2318 1573 2370 patris
1600 2325 1656 2357 est
1680 2316 1805 2356 aliter.

385 2377 615 2418 Genitivum
652 2376 866 2417 Terentius
901 2380 1152 2419 commutavit
1186 2393 1276 2417 cum
1314 2378 1545 2431 pronomine
1584 2378 1802 2431 possessivo
1840 2386 1954 2429 atque
1990 2386 2067 2418 hoc
2102 2386 2141 2415 et
2166 2389 2190 2415 a

199 2439 449 2480 substantivis
489 2448 527 2479 et
566 2440 617 2480 ab
644 2439 854 2481 infinitivis
886 2442 1022 2494 copula
1061 2442 1255 2483 seiunxit:
1304 2440 1406 2482 Hea.
1432 2439 1469 2481 4.
1495 2441 1531 2482 5.
1560 2440 1623 2482 34.
1664 2455 1743 2480 non
1781 2448 1946 2480 meumst
1980 2438 2190 2480 simulatio.

200 2500 309 2540 And.
335 2500 373 2540 4.
400 2503 435 2542 1.
459 2501 523 2543 54.
550 2510 697 2542 tuumst
735 2501 792 2542 mi
817 2502 1021 2555 ignoscere
1030 2520 1042 2554 ;
1080 2504 1182 2546 Hea.
1216 2506 1255 2546 3.
1280 2504 1319 2544 2.
1345 2503 1408 2544 38.
1439 2517 1518 2542 non
1544 2512 1602 2542 est
1627 2500 1785 2542 mentiri
1813 2516 1943 2542 meum
1952 2516 1966 2551 ;
2005 2499 2060 2540 ib.
2086 2500 2125 2540 3.
2151 2500 2192 2542 3.

196 2565 261 2604 17.
288 2571 462 2603 nostrum
488 2576 545 2605 est
570 2565 802 2617 intelligere.
849 2564 1042 2607 Similiter
1065 2568 1169 2609 dixit
1191 2567 1270 2607 Ad.
1293 2569 1327 2606 1.
1347 2568 1383 2607 1.
1410 2566 1473 2607 49.
1501 2566 1575 2605 hoc
1598 2564 1769 2613 patrium
1795 2574 1852 2605 est
1871 2564 2001 2618 potius
2026 2575 2190 2602 consue-

196 2625 329 2666 facere
345 2623 472 2664 filium
501 2640 569 2666 sua
595 2635 732 2681 sponte
756 2636 860 2668 recte
880 2628 1008 2668 facere
1035 2631 1158 2680 (conf.
1183 2628 1335 2680 Krneg.
1361 2642 1486 2680 gram.
1511 2628 1578 2670 lat.
1597 2642 1636 2682 p.
1660 2629 1698 2669 3.
1723 2641 1806 2682 cap.
1826 2625 1879 2669 ll.
1894 2625 1943 2665 de
1971 2637 2061 2676 geu.
2077 2623 2189 2676 attr.)

380 2684 533 2726 Eodem
559 2689 675 2729 modo
701 2688 798 2729 illud
824 2706 1041 2743 pronomen
1066 2694 1152 2734 loco
1178 2689 1346 2744 genitivi
1373 2690 1574 2732 invenitur
1598 2705 1687 2731 cum
1727 2690 1851 2732 verbo
1878 2686 2000 2728 refert
2025 2684 2190 2726 coniun-

195 2753 314 2791 ctum.
368 2746 539 2790 Multum
574 2750 667 2791 olim
694 2751 930 2807 disputatum
956 2763 1013 2796 est
1036 2756 1084 2797 de
1108 2769 1204 2799 vera
1230 2753 1356 2795 forma
1383 2752 1626 2808 pronominis
1661 2752 1762 2808 quod
1792 2751 1851 2792 illi
1877 2748 2000 2792 verbo
2038 2746 2197 2802 signifi·
