2350 3086
905 77 1431 118 ...ι-Ἰν-

158 204 211 245 ad
237 200 408 253 Vergilii
437 200 539 242 Aen.
569 202 632 243 ΙΙ.
656 201 759 251 696,
795 199 920 248 (cous.
946 198 1045 242 Ter.
1070 198 1130 240 ed.
1152 196 1368 238 Reiuhardt
1404 211 1490 251 pag.
1516 197 1628 246 3⁰8.)
1663 197 1771 238 falsa
1788 196 1931 240 docuit.
1985 195 2160 238 Gouseu-

162 265 309 306 tientes
322 262 440 303 etiam
464 262 562 304 Hac.
587 266 626 305 3.
652 265 691 303 3.
719 263 784 303 12.
807 260 902 301 libri
940 260 1147 301 exhibent:
1186 275 1260 313 ego
1286 260 1370 300 eius
1398 260 1557 301 videndi
1583 259 1748 315 cupidus
1773 261 1951 310 (uxoris)
1979 284 2032 293 —
2058 260 2161 314 quod

164 327 392 381 exemplum
420 340 656 378 quamquam
684 323 881 376 genitivus
908 339 961 363 ex
987 323 1175 364 adiectivo
1199 322 1386 372 relativo,
1423 338 1500 362 nou
1540 339 1561 362 e
1586 322 1830 364 substantivo.
1867 324 2005 377 pendet
2030 334 2162 364 tamen

165 398 328 445 propter
353 389 525 429 similem
548 401 659 427 casus
677 385 836 426 secundi
862 399 952 425 cum
977 385 1166 437 gerundio
1183 383 1497 425 coniunctionem
1521 384 1597 425 buc
1609 385 1857 425 referendum
1884 395 1954 426 est.
2005 385 2162 426 Deinde

168 453 241 494 Ph.
267 454 306 493 5.
333 453 371 493 6.
398 451 462 491 40.
489 463 569 489 uon
592 449 755 489 difficile
792 457 849 488 est
891 449 1106 501 disceptatu
1131 463 1228 500 quae
1254 446 1335 486 siut
1360 461 1480 496 vera,
1527 461 1598 486 nec
1613 446 1821 488 «Bentleius
1857 449 1976 489 modo
2015 450 2160 502 opu'ma

165 514 340 553 excussit
365 524 502 550 veram
527 510 755 559 lectionem,
794 523 935 561 quum:
975 508 1066 559 „ait
1092 518 1255 560 uterque
1281 507 1354 546 tibi
1390 516 1615 560 potestatem
1642 508 1726 547 eins
1755 509 1922 548 habendi
1961 524 2004 549 se
2029 512 2160 549 dare“

165 577 311 626 ederet,
337 573 404 614 sed
432 572 550 614 etiam
574 572 658 614 eius
669 587 743 626 ope
770 586 849 613 non
862 572 1029 626 amplius
1054 571 1213 613 difficile
1239 580 1297 612 est
1309 569 1505 624 expositu,
1532 583 1613 623 qua
1634 569 1699 612 via
1723 570 1839 612 etiam
1865 572 1907 612 in
1933 571 2161 627 antiquissi-

164 651 252 679 mos
277 636 399 675 libros
423 635 521 674 falsa
548 649 621 688 pro
641 634 749 674 veris
770 634 998 687 irrepserint
1007 649 1020 684 3
1046 632 1221 674 Faernus
1247 633 1344 672 dicit
1369 632 1412 671 iu
1434 633 1543 671 nullo
1568 633 1672 672 libro
1699 648 1762 683 se,
1788 634 1831 673 in
1848 636 2028 675 omuibus
2053 636 2159 676 dari

165 714 237 754 pro
263 699 376 738 dare
414 697 494 748 legi
520 706 558 736 et
584 695 778 736 Bembiuo
816 705 980 749 excepto
1005 711 1140 737 omues
1165 697 1277 738 codd.
1308 696 1554 735 habendae
1581 695 1686 735 bunc
1710 696 2018 738 adhibendae
2043 699 2162 740 exhi-

163 764 275 812 bere3
302 760 504 801 Bentleius
531 759 682 799 codices
705 758 1121 803 tribusreceutiotibus
1142 758 1317 814 exceptis
1340 759 1526 811 praebere
1553 771 1600 798 se
1625 771 1761 799 omues
1787 759 1912 812 dare,
1938 769 1980 800 ut
2007 761 2160 803 videtur

163 826 281 867 etiam
310 824 564 865 habendae.
631 821 714 862 lam
742 833 900 877 apparet
923 822 1093 876 primum
1121 838 1173 863 ex
1209 821 1417 862 habendi
1456 836 1496 862 se
1531 822 1786 873 (habendise)
1823 824 2039 876 profectum
2076 840 2158 866 esse

163 887 426 936 habendae3
454 885 536 924 iam
565 884 608 923 in
636 884 767 923 alteris
793 884 906 924 libris
932 885 1047 924 dare
1083 898 1162 924 nou
1189 892 1379 924 mutatum
1405 883 1576 923 constitit
1601 892 1640 923 et
1665 883 1863 925 infinitivo
1893 885 2160 927 activiauen-

160 951 279 991 tiores
305 949 455 989 scribae
493 947 656 986 alterum
684 961 736 986 se
762 946 1018 996 addiderunt,
1064 962 1184 999 quum
1208 945 1415 986 deficiente
1450 946 1628 986 subiecto
1652 955 1736 986 tum
1764 961 1814 986 ne
1846 962 1964 1003 versu
2002 948 2155 1003 syllaba

166 1013 336 1055 deesset;
386 1017 520 1049 contra
568 1008 611 1047 in
651 1008 783 1048 alteris
823 1008 932 1048 dari
972 1009 1120 1048 factum
1147 1017 1201 1049 est
1237 1023 1291 1048 ex
1331 1008 1445 1048 dare
1483 1007 1618 1060 ibique
1646 1018 1856 1058 corrector,
1903 1019 1948 1049 ut
1978 1010 2160 1064 opinatur

165 1073 383 1122 Bentleius,
404 1086 427 1111 a
439 1065 710 1111 dbibendae
729 1071 900 1125 scripsit,
924 1085 1045 1123 quum
1056 1072 1262 1111 emendare
1276 1071 1444 1111 studeret
1460 1079 1637 1112 metrum.
1651 1093 1700 1100 —
1712 1070 1826 1122 Quae
1844 1086 1965 1123 quum
1987 1073 2041 1112 ita
2066 1074 2157 1123 siut,

160 1146 199 1177 et
211 1149 333 1189 quum
350 1132 522 1188 quinque
547 1147 664 1187 supra
688 1132 856 1174 laudatis
882 1132 978 1174 locis
992 1132 1259 1174 accusativum
1272 1132 1462 1186 gerundia
1488 1132 1679 1173 adiectum
1696 1132 1926 1186 viderimus,
1953 1134 2157 1177 affirmare

162 1214 241 1239 nou
260 1197 395 1236 dubito
419 1196 609 1234 Terentio
626 1195 887 1247 gerundivum
914 1204 1016 1233 certe
1029 1196 1071 1233 iu
1090 1210 1179 1234 casu
1194 1197 1317 1235 altero
1331 1196 1513 1234 usitatum
1533 1210 1611 1234 nou
1626 1195 1768 1247 fuis-<23
1796 1210 1872 1248 qua
1899 1212 1942 1236 re
1959 1208 2158 1250 postremo

161 1275 241 1301 non
258 1272 416 1314 possum
428 1257 523 1310 quin
543 1271 633 1298 cum
647 1256 826 1298 Bentleio
843 1256 991 1298 faciens
1008 1272 1087 1297 uuo
1104 1256 1217 1298 huius
1233 1256 1342 1298 modi
1359 1256 1445 1297 loco
1463 1257 1530 1309 qui
1542 1257 1820 1312 repugnaverit
1833 1257 1995 1301 Phorm.
2013 1261 2051 1301 5.
2063 1259 2102 1301 4.
2116 1260 2156 1302 8.

159 1321 407 1363 habendae
434 1320 476 1357 iu
505 1319 717 1357 habendi
744 1327 891 1358 mutem
917 1333 1154 1371 quamquam
1178 1334 1199 1359 a
1230 1329 1340 1373 parte
1365 1320 1557 1359 librorum
1583 1334 1741 1372 prorsus
1768 1335 1848 1360 uon
1877 1322 2047 1363 edoctus.

346 1381 483 1421 Altera
511 1380 592 1420 iam
624 1389 682 1420 est
708 1379 896 1432 quaestio,
924 1374 1119 1433 quomodo
1132 1381 1201 1422 bos
1226 1380 1420 1433 genitivos
1445 1381 1697 1435 explicemus.
1749 1381 1809 1422 ΙΙΙ.
1836 1381 1970 1423 Haase
1995 1384 2038 1424 iu
2065 1385 2156 1426 adn.

159 1447 251 1488 595.
278 1445 326 1484 ad
355 1448 391 1493 §.
420 1443 509 1483 439.
547 1443 668 1483 schol.
696 1442 845 1493 Reisig.
900 1441 1072 1495 Reisigii
1109 1443 1324 1483 doctrinam
1362 1442 1526 1482 dicentis
1552 1443 1649 1483 duos
1675 1443 1849 1484 diversos
1881 1445 2078 1497 genitivos
2102 1463 2157 1488 ex

160 1511 298 1552 eodem
327 1506 487 1547 nomine
514 1506 683 1560 pendere
712 1506 882 1560 praefert
921 1506 1121 1546 doctrinae
1147 1504 1395 1547 Stallbaumii
1421 1504 1570 1545 Kritzii
1596 1505 1761 1546 aliorum
1805 1508 1873 1559 qui
1900 1517 2073 1549 statuunt
2097 1512 2157 1551 al·-

158 1582 286 1612 terum
323 1568 540 1621 genitivum
580 1568 896 1620 coniungendam
933 1582 1016 1608 esse
1042 1582 1132 1607 cum
1166 1567 1325 1607 notione
1361 1575 1499 1607 exorta
1525 1580 1547 1605 e
1573 1567 1763 1608 connexis
1802 1569 1959 1609 nomine
1993 1581 2156 1623 reg-ente

162 1634 267 1688 quod
294 1633 428 1673 dicunt
468 1640 506 1671 et
532 1630 737 1682 gerundio.
791 1629 924 1671 Etiam
952 1631 987 1671 si
1012 1630 1096 1685 ipse
1122 1645 1199 1671 uon
1225 1630 1347 1670 multa
1380 1629 1585 1670 tribuerim
1624 1645 1699 1681 usu
1724 1646 1866 1682 graeco
1901 1634 2026 1681 (conf.
2053 1634 2157 1675 Adu.

161 1696 279 1751 HL),
322 1704 453 1734 tamen
481 1708 503 1733 a
529 1692 700 1745 Reisigii
724 1702 761 1732 et
788 1692 929 1734 Haasii
964 1694 1138 1747 partibus
1163 1692 1301 1732 malim
1329 1701 1452 1742 stare3
1494 1707 1586 1732 uam
1613 1693 1778 1733 duarum
1814 1694 1991 1735 notiones
2016 1710 2157 1736 vocum

157 1770 344 1809 tanquam
369 1771 447 1795 uua
474 1755 749 1808 comprehendi
789 1756 860 1795 etsi
887 1757 1021 1796 multis
1058 1758 1153 1796 locis
1178 1757 1226 1795 ad
1254 1757 1442 1807 ginitivos
1468 1757 1616 1796 similes
1650 1757 1902 1809 explicandos
1939 1762 2156 1799 conceden-

160 1820 254 1860 dum
284 1826 341 1858 est
369 1817 493 1866 (conf.
518 1817 662 1872 intrpp.
689 1817 737 1856 ad
778 1815 889 1859 caes.
916 1818 965 1857 de
994 1819 1030 1859 b.
1059 1818 1151 1871 gall.
1176 1818 1214 1858 5.
1241 1821 1330 1869 8.),
1368 1818 1648 1873 posterioribus
1674 1827 1804 1858 tamen
1829 1818 1987 1871 liuguae
2012 1820 2158 1864 latinae

162 1881 354 1922 aetatibus
379 1880 456 1919 tale
494 1879 586 1929 quid
627 1879 873 1931 ascripserim
911 1894 990 1920 uon
1017 1881 1295 1934 superioribus.
1349 1880 1573 1921 Secundum
1599 1880 1765 1932 Reisigii
1799 1882 2029 1922 senteutiam
2054 1883 2158 1936 Hea⁴

159 1943 260 1998 prol.
286 1942 351 1983 28.
379 1954 605 1980 novarum
631 1954 710 1979 uon
738 1954 847 1980 secus
861 1955 914 1980 ex
928 1942 1089 1981 nomine
1117 1941 1302 1994 copiam
1329 1951 1446 1994 atque
1471 1957 1493 1981 e
1511 1942 1684 1994 genitivo
1710 1943 1963 1995 spectandi
1987 1946 2157 1997 pendet:

164 2005 330 2060 populus
358 2002 561 2043 Romanus
586 2016 610 2041 a
635 2003 747 2056 poeta
767 2001 959 2053 rogatur,
987 2013 1030 2042 ut
1056 2003 1132 2056 ipsi
1157 2006 1356 2045 crescendi
1382 2015 1420 2045 et
1445 2005 1582 2045 favore
1608 2015 1647 2044 et
1663 2004 1887 2045 auctoritate
1912 2007 1977 2046 det
2003 2010 2157 2062 copiam

156 2068 257 2112 sicut
282 2068 395 2122 poeta
422 2065 506 2120 ipse
532 2063 653 2105 faciat
678 2077 873 2106 novarum
907 2065 1131 2107 fabularum
1159 2075 1384 2121 potestatem
1410 2082 1442 2110 s.
1469 2066 1639 2121 copiam,
1678 2080 1777 2120 quae
1802 2066 1915 2122 copia
1941 2070 2050 2111 nulla
2078 2072 2156 2114 alia

156 2141 216 2173 est
239 2131 317 2171 nisi
357 2142 478 2169 novas
513 2128 668 2168 fabulas
708 2126 928 2182 spectandi,
967 2143 1089 2182 quare
1128 2131 1364 2186 gerundium
1404 2130 1576 2170 eiusdem
1616 2143 1726 2169 casus
1752 2131 1911 2171 accedit.
1965 2131 2158 2178 Similiter

156 2191 381 2249 explicandi
411 2199 501 2232 sunt
527 2189 668 2243 reliqui
698 2190 796 2242 loci,
832 2206 999 2245 quorum
1027 2190 1203 2234 omnium
1229 2207 1353 2233 uuum
1382 2202 1440 2233 est
1466 2206 1672 2232 commuue
1696 2200 1739 2231 ut
1765 2192 1935 2233 nominis
1961 2194 2158 2246 genitivus

156 2256 357 2296 antecedat
382 2253 515 2304 verbi,
555 2252 639 2292 sive
666 2254 807 2293 vocula
833 2269 912 2294 una
938 2255 1006 2295 ille
1040 2255 1253 2296 disiunctus
1277 2264 1336 2295 est
1363 2256 1412 2295 ab
1440 2255 1513 2294 hoc
1540 2263 1583 2293 ut
1621 2253 1722 2295 Hea.
1748 2255 1847 2308 prol.
1872 2256 1938 2296 28.
1964 2271 2158 2298 novarum

156 2318 227 2370 qui
253 2316 476 2371 spectandi3
503 2315 578 2356 Ph.
607 2318 642 2355 l.
668 2317 704 2355 3.
731 2316 795 2356 24.
825 2316 910 2356 eius
937 2317 988 2357 sit
1013 2316 1228 2364 amittendi,
1254 2317 1338 2358 sive
1368 2318 1467 2357 alter
1493 2325 1651 2370 propter
1674 2317 1837 2356 alterum
1857 2317 2003 2370 positus
2029 2329 2090 2359 est
2115 2330 2160 2360 ut

155 2378 256 2420 Hec.
281 2380 319 2418 3.
342 2380 380 2419 3.
409 2379 471 2419 12.
501 2376 585 2417 eius
611 2375 795 2427 videndi3
823 2376 896 2419 Pb.
923 2379 962 2419 5.
989 2379 1028 2420 6.
1054 2378 1119 2420 40.
1145 2378 1228 2419 eius
1259 2378 1452 2431 babendi3
1479 2378 1533 2419 ib.
1560 2379 1598 2419 5.
1623 2378 1661 2418 4.
1687 2379 1726 2418 8.
1765 2377 1924 2418 huiusce
1958 2379 2154 2432 habendi3

126 2440 132 2446 ’
156 2444 241 2483 sive
268 2454 411 2480 nomen
436 2441 501 2479 cui
520 2439 728 2494 apponitur
753 2440 951 2490 genitivus
975 2442 1151 2494 sequitur
1175 2442 1298 2490 (conf.
1316 2442 1422 2482 locos
1447 2440 1548 2482 Hea.
1574 2440 1670 2480 nec.
1698 2450 1736 2479 et
1761 2439 1835 2481 Pb.
1855 2443 1890 2481 l.
1917 2444 1956 2482 3.
1983 2443 2074 2490 24.)
2088 2460 2157 2484 seu

155 2502 430 2559 praemittitur.
484 2500 563 2542 Sed
591 2502 686 2542 haec
697 2502 908 2542 verborum
932 2503 1136 2545 collocatio
1161 2502 1262 2557 apud
1275 2503 1467 2543 comicum
1493 2503 1647 2555 po‘e'ta'm
1672 2502 1738 2542 vel
1763 2510 1806 2541 ut
1831 2504 2052 2546 accuratius
2077 2506 2158 2546 dis-

156 2582 287 2607 seram
312 2565 355 2605 iu
381 2564 549 2617 dialogis
572 2565 736 2605 minime
754 2564 837 2604 sine
866 2566 945 2606 ulla
971 2566 1164 2619 gravitate
1187 2574 1259 2616 est,
1286 2566 1429 2620 quippe
1453 2564 1521 2604 ubi
1547 2563 1664 2604 etiam
1679 2564 1804 2618 magis
1831 2580 1951 2619 quam
1977 2567 2022 2607 in
2045 2568 2159 2609 libris

155 2629 225 2680 qui
251 2628 416 2681 legendo
459 2627 589 2680 potius
617 2627 835 2667 inserviunt
862 2629 1066 2683 perspicua
1092 2628 1351 2683 explicatione
1378 2641 1472 2679 opus
1498 2627 1570 2677 sit,
1604 2636 1643 2666 et
1667 2628 1784 2667 etiam
1812 2629 1976 2681 gravior
1999 2630 2068 2669 illa
2094 2644 2158 2669 res

152 2690 330 2739 videtur,
381 2703 503 2744 quum
555 2688 636 2730 illis
683 2689 855 2743 quinque
907 2690 1005 2732 locis
1042 2691 1111 2732 ubi
1150 2705 1228 2731 uon
1255 2689 1452 2744 genitivus
1483 2690 1551 2730 sed
1589 2689 1833 2733 accusativus
1872 2706 1924 2732 ex
1963 2692 2157 2745 gei-undio

153 2751 326 2805 pendens
361 2751 505 2804 legitur
530 2760 695 2804 excepto
730 2767 810 2792 uno
850 2753 1033 2794 omuibus
1065 2753 1306 2795 accusativus
1342 2762 1528 2804 sequatur
1567 2754 1805 2805 gerundium
1844 2769 1914 2795 seu
1940 2755 2156 2796 disiunctus
