2350 3086
913 106 1450 152 ⁴6*-

179 230 280 273 Hea.
306 235 343 273 3
370 233 408 272 2.
435 231 508 272 28:
537 244 769 283 magnarum
796 229 836 269 id
866 230 1083 272 remedium
1104 230 1393 284 aegritudinum
1421 240 1491 273 est.
1517 232 1596 274 Ad.
1618 234 1655 274 3
1685 235 1721 274 1.
1736 235 1775 283 7,
1800 234 1905 275 solus
1932 249 2108 277 mearum
2131 243 2193 277 eat

181 293 428 334 miseriarum
455 292 693 344 remedium,
720 291 886 334 Phorm.
916 295 951 334 Ι.
966 292 1004 334 4.
1021 294 1062 338 8.
1073 292 1316 334 remedium
1301 294 1504 336 inveniam
1530 295 1766 337 iracundiae.
1779 295 1925 346 —<cf.
1944 299 2091 341 adnott.
2100 298 2182 347 ΙΙ.)

367 356 424 396 At
450 355 614 408 genitivi
641 370 721 395 non
747 365 900 409 oportet
927 356 1006 396 siut
1030 356 1195 409 genitivi
1217 358 1449 409 nominum,
1476 368 1519 399 ut
1545 360 1593 399 ad
1623 373 1805 412 personas
1831 361 1897 400 vel
1923 376 1987 401 res
2014 363 2078 401 vel
2105 363 2191 403 vir-

178 425 279 458 tutes
306 418 497 472 pertineat
527 416 629 456 actio
656 417 849 469 quaedam
878 418 1116 459 substantivo
1145 432 1346 473 expressa,
1376 421 1442 460 sed
1470 420 1587 461 etiam
1615 421 1722 462 notio
1747 420 1913 474 genitivi
1941 421 2093 463 actione
2118 438 2190 478 po-

177 490 252 521 test
275 480 485 529 contineri,
514 494 586 518 nec
612 493 736 531 quum
762 479 849 519 dico
876 495 948 533 pro
974 494 1041 533 spe
1068 478 1291 531 nuptiarum
1318 482 1490 522 nubendi
1516 497 1650 535 spem,
1674 498 1754 523 non
1781 483 1895 523 aliter
1923 484 2047 523 babeo
2073 485 2189 535 goni-

178 541 304 580 tivum
323 541 477 580 obiecti.
533 540 625 592 Qua
651 541 700 579 de
726 555 769 579 re
796 540 992 594 plerisque
1019 540 1113 578 locis
1137 540 1207 578 ubi
1234 555 1288 580 ex
1310 543 1535 582 nominibus
1561 543 1748 584 derivatis
1775 544 1880 584 vela
1903 543 2034 585 verbis
2060 553 2191 585 trans-

178 603 287 646 itivis
314 604 376 645 vel
405 605 456 645 ab
484 603 687 645 adiectivis
713 604 777 645 vel
806 619 858 644 ex
878 603 1071 644 similibus
1087 601 1251 654 genitivi
1278 604 1462 657 gerundii
1488 605 1670 659 pendent,
1698 605 1770 647 bos
1794 607 2009 649 obiectivos
2036 622 2189 651 censeo.

178 667 295 720 Apud
322 665 560 706 Terentium
601 667 787 705 habemus
817 666 907 705 hos:
943 666 1049 705 And.
1077 668 1111 704 1.
1140 667 1177 705 1.
1204 667 1269 707 25.
1296 667 1419 706 libera
1456 667 1616 707 vivendi
1654 677 1844 722 potestas3
1882 672 1920 711 3.
1949 675 1986 712 3.
2013 671 2050 711 9.
2078 670 2188 710 cuius

175 729 359 769 servandi
387 739 567 783 potestas.
620 728 717 769 Hec.
745 729 841 782 prol.
868 730 906 769 2.
935 731 999 769 37.
1025 736 1190 781 potestas
1216 729 1500 769 condecorandi
1526 730 1639 770 ludos
1663 731 1851 774 scenicos.
1901 731 2064 786 Phorm.
2094 737 2130 774 l.
2146 736 2189 776 3.

174 792 242 833 22.
268 799 435 846 potestas
471 791 697 831 consulendi
735 790 828 844 quid
856 790 967 831 velis.
1021 788 1118 830 Eun.
1145 791 1245 843 prol.
1275 793 1338 832 21.
1372 791 1609 845 inspiciundi
1646 791 1778 847 copia3
1818 793 1858 836 4.
1884 794 1923 837 2.
1950 795 2015 838 20.
2043 809 2124 849 seq.
2150 795 2186 837 si

178 871 259 895 non
296 854 482 906 tangendi
511 854 620 907 copia
642 863 718 904 est,
756 854 831 893 eho
859 869 908 893 ne
934 853 1091 894 videndi
1118 852 1279 904 quidem
1306 855 1395 896 erit.
1446 854 1547 896 Han.
1574 857 1675 908 prol.
1701 856 1764 897 28.
1793 859 1991 897 crescendi
2017 859 2186 912 copiam.

177 921 214 959 1.
226 920 264 958 3.
279 916 344 957 41.
362 915 625 955 existumandi
642 916 794 969 copiam
815 915 1143 955 consuetudinem.
1198 914 1359 956 Phorm.
1383 919 1419 958 l.
1433 919 1468 957 3.
1489 916 1552 958 24.
1571 926 1613 956 ut
1631 932 1758 970 neque
1779 918 1876 958 mihi
1895 918 1979 958 eius
1996 922 2047 959 sit
2064 920 2183 960 amit-

176 979 284 1020 tendi
299 993 371 1018 nec
384 978 577 1017 retinendi
596 976 721 1031 copia.
739 979 778 1019 5.
793 979 831 1018 7.
843 979 883 1018 2.
901 992 1052 1016 summa
1069 977 1249 1016 eludendi
1264 978 1451 1018 occasiost
1470 993 1594 1020 senes.
1626 977 1819 1019 Similiter
1835 995 1898 1019 res
1916 995 1957 1020 se
1972 980 2089 1020 habet
2102 982 2142 1022 h.
2154 983 2183 1022 l.

175 1043 282 1083 And.
314 1044 349 1082 l.
376 1042 414 1081 2.
443 1042 505 1081 11.
524 1039 691 1094 spatium
710 1039 908 1092 cogitandi
936 1039 984 1080 a'd
1015 1039 1282 1079 disturbandas
1307 1039 1479 1093 nuptias,·
1498 1039 1598 1083 Hea.
1616 1042 1655 1083 2.
1676 1043 1713 1084 l.
1728 1041 1769 1084 6.
1795 1050 1832 1082 et
1850 1042 2110 1094 cognoscendi
2140 1052 2179 1083 et

174 1102 399 1155 ignoscendi
415 1102 560 1155 peccati
574 1102 729 1141 dabitur
743 1103 863 1141 locus.
892 1102 970 1142 Ad.
987 1104 1026 1142 3.
1039 1104 1075 1141 3.
1088 1101 1149 1140 66.
1164 1100 1286 1140 otium
1302 1110 1358 1140 est
1374 1103 1629 1146 auscultandi.
1664 1102 1764 1145 Hec.
1779 1105 1878 1156 prol.
1895 1105 1934 1144 2.
1953 1104 2017 1145 36.
2035 1104 2180 1155 agendi

175 1176 326 1221 tempus
358 1163 455 1205 mibi
483 1163 616 1204 datum
644 1173 720 1214 est3
758 1162 797 1206 4.
823 1163 861 1205 4.
889 1164 955 1204 62.
994 1162 1158 1218 spatium
1177 1162 1334 1203 amandi
1360 1163 1548 1214 amicam3
1589 1166 1627 1207 5.
1657 1168 1694 1209 1.
1717 1166 1782 1207 20.
1810 1165 1903 1206 dnm
1930 1164 2003 1206 tibi
2029 1174 2183 1221 tempus

174 1227 402 1268 consulendi
429 1236 498 1266 est.
552 1226 703 1265 Phorm
729 1227 768 1267 4.
794 1226 833 1266 4.
861 1229 915 1265 20
938 1240 998 1278 sq.
1023 1225 1186 1279 spatium
1212 1227 1380 1265 vocandi
1396 1227 1466 1274 (ad
1494 1228 1685 1280 nuptias),
1713 1227 1978 1276 sacrificandi;
2012 1230 2051 1267 5.
2078 1229 2116 1268 4.
2143 1229 2183 1269 9.

172 1287 436 1331 conveniundi
464 1286 586 1341 patris
615 1296 777 1342 tempus.
836 1288 944 1328 And.
972 1289 1011 1329 2.
1039 1289 1076 1328 2.
1104 1288 1163 1328 1⁷.
1192 1300 1292 1339 quae
1320 1302 1423 1327 nunc
1450 1303 1530 1328 non
1557 1298 1612 1329 est
1631 1289 1816 1331 narrandi
1842 1289 1962 1331 locus.
2015 1288 2116 1330 Hea.
2141 1292 2183 1333 3.

171 1355 210 1394 3.
235 1354 301 1392 22.
326 1365 404 1389 una
438 1350 650 1388 accedundi
689 1349 755 1389 via
783 1351 866 1389 est?
894 1351 1000 1390 And.
1031 1352 1064 1390 l.
1096 1352 1127 1390 Ι.
1156 1350 1247 1390 127.
1276 1350 1509 1402 obiurgandi
1537 1352 1668 1401 locus;
1708 1353 1764 1395 ib.
1792 1354 1880 1392 131.
1920 1365 2014 1392 vera
2048 1351 2182 1391 obiur-

171 1413 290 1466 gandi
318 1426 431 1452 causa
459 1421 528 1452 est.
556 1410 655 1452 Hec.
684 1413 722 1452 2.
752 1412 792 1453 2.
822 1414 887 1460 13,
916 1421 998 1452 east
1024 1411 1214 1451 retinendi
1241 1425 1369 1453 causa.
1423 1411 1587 1455 Phorm.
1618 1417 1653 1455 l.
1685 1417 1718 1455 1.
1748 1415 1798 1455 16
1824 1428 1922 1468 puer
1948 1427 2065 1453 causa
2093 1423 2180 1453 erat

170 1474 365 1516 mittundi.
419 1473 504 1514 Nec
540 1473 671 1513 minus
699 1474 776 1513 buc
802 1482 976 1529 spectant
1003 1474 1077 1513 duo
1103 1472 1179 1513 loci
1205 1472 1274 1511 ubi
1301 1473 1426 1514 finis
1465 1489 1554 1514 cum
1581 1476 1758 1527 genitivo
1797 1474 1977 1528 gerundii
2010 1474 2181 1514 coniun-

168 1539 295 1591 gitur:
324 1538 429 1577 And.
457 1538 496 1578 5.
521 1540 555 1576 l.
574 1537 614 1579 2.
641 1537 783 1576 orandi
807 1537 888 1576 iam
915 1537 1035 1576 finem
1060 1536 1154 1577 sace.
1210 1534 1375 1578 Pborm.
1400 1537 1499 1590 prol.
1519 1539 1584 1579 22.
1612 1552 1671 1591 sq.
1696 1539 1814 1578 finem
1842 1537 1984 1578 faciam
2003 1536 2180 1589 dicundi,

168 1599 353 1654 peccandi
380 1613 502 1652 quum
539 1598 621 1652 ipse
646 1600 767 1638 finem
795 1598 947 1639 fecerit.

354 1661 519 1702 Restant
557 1670 635 1701 tres
661 1661 739 1701 loci
767 1660 910 1713 quibus
937 1676 1026 1700 cum
1058 1660 1229 1712 genitivo
1255 1660 1438 1711 gerundii
1465 1677 1536 1715 pro
1563 1661 1786 1702 accusativo
1826 1663 2024 1714 genitivus
2051 1667 2181 1705 nomi-

169 1735 231 1769 nis
267 1740 345 1779 quo
393 1723 586 1764 obiectum
636 1718 883 1777 exprimatur
910 1722 1143 1772 [coniunctus
1185 1722 1341 1775 legitur.
1407 1721 1515 1763 luter
1552 1724 1657 1763 locos
1695 1737 1811 1779 supra
1850 1734 2051 1766 enarratos
2090 1738 2181 1768 sunt

170 1788 391 1840 quindecim
421 1787 489 1837 qui
519 1786 703 1836 gerundii
728 1786 951 1836 genitivum
991 1795 1055 1823 aut
1079 1796 1119 1824 ut
1145 1786 1280 1824 dicunt
1312 1787 1487 1824 absolute
1525 1788 1694 1838 positum
1731 1797 1798 1826 aut
1833 1797 1936 1826 certe
1972 1803 2052 1827 non
2089 1805 2180 1829 cum

168 1849 327 1890 nomine
355 1847 608 1889 coniunctum
637 1855 879 1896 monstrant3
906 1846 1076 1900 quinque
1103 1847 1200 1889 locis
1222 1848 1467 1889 accusativus
1493 1848 1636 1889 obiecti
1663 1848 1859 1904 adpositus
1887 1858 1962 1892 est.
2017 1849 2185 1893 Praeter

169 1914 241 1951 hos
266 1911 407 1962 viginti
446 1910 553 1949 locos
579 1918 617 1948 et
644 1923 711 1949 eos
747 1909 816 1948 nbi
852 1923 907 1948 ex
943 1908 1128 1949 adiectivo
1166 1911 1307 1963 pendet
1338 1911 1573 1962 gerundium
1609 1925 1750 1952 novem
1777 1920 1927 1951 tantum
1967 1923 2179 1967 supersunt

169 1972 240 2012 ubi
280 1986 332 2011 ex
360 1974 520 2010 nomine
545 1970 790 2010 substantivo
831 1970 976 2025 pendet
1001 1972 1181 2021 gerundii
1207 1972 1425 2023 genitivus,
1464 1972 1568 2011 inter
1598 1986 1696 2024 quos
1726 1973 1785 2013 bis
1821 1974 1963 2027 pendet
2001 1988 2057 2013 ex
2081 1989 2181 2016 voce

172 2048 287 2074 cansa
315 2033 589 2086 propositionis
616 2033 703 2072 loco
731 2031 878 2085 posita:
907 2031 1010 2074 Eun.
1035 2033 1073 2074 4.
1098 2036 1133 2073 1.
1160 2034 1199 2074 6.
1227 2035 1267 2073 id
1294 2034 1462 2073 faciebat
1488 2035 1684 2074 retinendi
1710 2034 1816 2075 illius
1844 2050 1956 2076 causa
1964 2052 1977 2085 3
2012 2035 2111 2078 Hec.
2139 2041 2179 2079 3.

168 2098 207 2139 2.
239 2098 277 2137 7.
305 2110 355 2135 ne
381 2094 510 2135 mittas
536 2094 689 2136 visendi
717 2108 834 2135 causa
860 2107 1112 2148 quemqnam3
1153 2095 1279 2136 tribus
1305 2095 1404 2136 locis
1430 2110 1510 2137 non
1536 2104 1697 2152 apparet
1723 2111 1819 2138 num
1844 2099 2011 2140 verbum
2038 2099 2180 2141 babeat

171 2158 355 2212 gerundii
395 2158 564 2197 formam
591 2172 641 2197 an
671 2157 722 2197 sit
760 2155 1011 2211 participium
1038 2158 1157 2198 futuri
1197 2158 1359 2212 passivi,
1398 2172 1491 2198 num
1519 2158 1717 2210 genitivus
1749 2159 1801 2200 sit
1826 2160 2056 2200 coniunctus
2082 2175 2174 2202 cum

169 2222 246 2263 isto
274 2236 325 2260 an
353 2218 547 2272 gernudio
574 2218 766 2260 adiectns=
801 2228 846 2259 ut
872 2218 979 2260 And.
1006 2221 1042 2260 3.
1068 2222 1103 2262 3.
1132 2220 1170 2261 9.
1197 2219 1309 2261 cuins
1341 2219 1414 2260 tibi
1446 2229 1614 2275 potestas
1646 2236 1798 2263 summa
1832 2220 2017 2264 servandi
2042 2222 2176 2275 datur3

168 2283 267 2325 Hea.
294 2284 333 2324 2.
355 2285 391 2322 1.
415 2282 462 2331 6;
490 2280 651 2321 Pborm.
678 2282 716 2321 5.
743 2281 781 2321 4.
808 2282 846 2321 9.
901 2280 986 2320 lam
1013 2296 1124 2323 nemo
1151 2282 1345 2323 dubitaret
1371 2282 1466 2335 quin
1489 2283 1550 2323 bis
1576 2284 1701 2324 tribus
1729 2298 1884 2337 quoque
1909 2284 2008 2325 locis
2033 2299 2177 2338 garun-

171 2345 303 2384 divum
331 2344 436 2397 quod
464 2343 599 2383 dicunt
629 2351 835 2393 statueret,
877 2343 954 2383 nisi
982 2355 1104 2385 essent
1130 2345 1207 2385 loci
1238 2344 1305 2396 qui
1333 2344 1550 2396 genitivum
1571 2346 1755 2397 gerundii
1782 2355 1821 2386 et
1846 2346 2018 2387 nominis
2043 2362 2176 2388 casum

166 2405 331 2446 alterum
369 2404 489 2446 simul
514 2403 761 2445 substantivo
788 2403 985 2458 appositos
1010 2415 1287 2460 monstrarent3
1328 2406 1502 2447 maxime
1542 2407 1798 2448 memorabile
1824 2407 1920 2448 illud
1948 2409 2175 2464 exemplum

166 2468 323 2509 videtur
348 2482 398 2506 ex
420 2467 522 2507 Hea.
550 2468 650 2521 prol.
678 2473 801 2515 (vers.
831 2468 904 2515 28)
935 2468 1003 2506 ubi
1028 2469 1213 2520 legimus=
1246 2484 1468 2519 „novarum
1494 2471 1762 2522 (fabularum)
1796 2469 1863 2522 qui
1889 2472 2087 2524 spectandi
2113 2472 2178 2510 fa-

165 2529 277 2570 ciunt
311 2528 480 2582 copiam3
510 2553 559 2559 -
588 2544 661 2569 nec
698 2529 851 2570 codices
888 2528 971 2568 illic
989 2530 1228 2571 ‘discut-dant.
1281 2530 1365 2572 Nec
1400 2531 1531 2572 minus
1561 2531 1814 2573 vetustissimi
1843 2532 1995 2572 codices
2029 2530 2175 2572 Faerni

165 2590 372 2633 dissentire
407 2605 484 2631 non
510 2592 694 2633 videntur
720 2592 882 2634 Pborm.
900 2595 937 2634 l.
966 2596 1003 2635 3.
1030 2593 1092 2635 24.
1119 2593 1191 2634 ubi
1217 2594 1420 2648 praebent:
1449 2604 1491 2634 ut
1516 2607 1643 2647 neque
1669 2593 1768 2634 mibi
1792 2594 1875 2635 eius
1901 2593 1953 2634 sit
1970 2593 2175 2635 amittendi

168 2669 241 2694 uec
268 2653 463 2693 retinendi
499 2655 621 2707 copia.
676 2653 754 2695 Sed
783 2655 985 2696 Bentleius
1022 2670 1043 2694 e
1070 2666 1236 2709 quatuor
1272 2656 1381 2695 codd.
1404 2670 1578 2709 ‚quornm
1611 2665 1740 2695 tamen
1767 2658 1893 2696 ullum
1918 2655 2066 2708 optime
2091 2671 2175 2697 esse

166 2724 280 2757 notae
306 2729 328 2755 e
353 2712 487 2755 Brixii
516 2716 760 2758 enarratione
787 2717 920 2758 critica
948 2732 985 2760 a.
1014 2717 1127 2760 1852.
1156 2716 1198 2757 in
1223 2718 1351 2758 lucem
1377 2732 1533 2771 egressa
1561 2732 1642 2759 non
1669 2727 1842 2774 apparet,
1869 2715 1956 2770 „mi
1982 2716 2043 2759 ius
2063 2718 2114 2760 sit
2138 2735 2174 2762 e.

166 2792 231 2831 qu.
258 2780 382 2832 sqq.“
410 2778 559 2832 posuit,
600 2794 649 2817 ne
686 2780 734 2819 ad
770 2782 1001 2821 seutentiam
1041 2782 1200 2835 quidem
1237 2780 1398 2821 omniuo
1436 2796 1531 2822 vera
1569 2781 1763 2822 exhibens
1789 2782 1865 2821 nisi
1898 2778 2178 2824 Burmannus
