2350 3086
946 115 1129 138 --·-ι
1195 99 1515 144 21...-

232 226 339 274 band
365 223 501 264 dubito
535 237 601 263 eos
626 222 738 274 sequi
763 221 832 273 qni
856 221 905 261 de
929 221 1106 273 genitivo
1130 221 1358 278 adsentandi
1390 221 1476 261 inre
1501 221 1763 275 suspicionem
1804 221 1981 263 iniecisse
2005 221 2228 264 Bentleium

230 285 376 329 dicant.
440 282 606 326 Etiamsi
643 282 737 325 libri
760 282 963 325 veterrimi
988 292 1030 325 ut
1057 281 1146 324 dedi
1182 282 1301 324 verba
1326 281 1396 322 illa
1423 281 1566 324 habere
1591 282 1775 325 dicantur
1809 296 1883 323 nec
1906 281 2107 325 Donatum
2148 283 2226 324 alia

233 350 377 401 legiae·
409 347 807 398 videamini-*nnllam
835 356 964 385 tamen
989 347 1059 386 illi
1076 345 1252 398 genitivo
1279 359 1433 385 moram
1457 346 1551 385 dare
1567 347 1671 397 licet,
1695 348 1764 387 sed
1789 346 1930 386 menda
1955 347 2225 399 antiquissima

235 424 290 452 ex
316 409 429 451 libris
453 409 616 451 delenda
642 416 713 449 est.
764 406 945 448 Primum
984 407 1093 448 enim
1119 420 1192 446 nec
1217 405 1431 447 Terentius
1469 419 1541 446 nec
1567 408 1666 459 quod
1692 407 1774 448 scio
1806 416 1897 448 ante
1937 406 2044 446 bunc
2066 406 2226 448 Plautus

235 487 310 512 nec
335 471 406 511 bos
431 470 553 511 secuti
580 483 715 510 omnes
741 483 862 521 usque
887 469 936 509 ad
964 477 1136 516 aetatem,
1156 466 1362 508 Taciteam
1399 468 1525 507 ullum
1561 470 1787 522 exemplum
1823 470 2013 523 praebent
2049 477 2226 509 nostrum

235 533 443 579 insolentia
460 530 739 586 aequiparans.
792 529 949 572 Similia
975 531 1043 586 qui
1070 528 1301 571 Ciceronem
1323 529 1598 584 sequebantur,
1627 530 1735 583 paria
1761 531 1835 571 vix
1859 531 2020 585 protulit
2048 530 2226 572 Tacitus.

233 598 344 638 Tum
370 597 419 635 de
444 596 524 634 fine
549 610 665 646 quem
701 623 729 644 „
742 594 786 633 in
812 608 856 634 os
883 594 1079 650 laudando
1089 597 1118 621 “
1144 603 1183 633 et
1208 594 1388 634 videatur
1413 594 1516 633 velle
1541 593 1694 645 assequi
1722 603 1760 633 et
1785 594 1881 634 velit
1906 593 2092 648 Ctesipho
2119 596 2224 635 baud

233 658 353 702 dubie
379 656 536 712 cogitat,
560 672 586 699 a
612 670 689 711 quo
715 670 795 697 non
822 655 987 699 multum
1014 655 1203 698 differunt
1227 654 1293 711 qui
1318 653 1491 697 faciendi
1508 668 1666 698 causam
1692 653 1820 697 inesse
1845 655 1996 709 volunt,
2017 665 2058 698 ut
2085 655 2225 699 Dona-

196 754 199 756 .
233 733 297 761 tus
322 721 408 773 qui:
436 721 683 766 adsentandi,
709 720 858 770 inquit,
884 720 1092 769 adulandi,
1117 729 1156 758 et
1181 728 1311 759 utrum
1334 720 1440 759 deest
1479 734 1593 759 causa
1619 734 1672 759 an
1696 720 1747 759 ad
1777 720 1904 771 ipsam
1929 721 2038 759 litem
2078 721 2224 768 (Bentl.

235 783 430 834 absolute)
456 782 514 824 sic
543 780 748 824 dicitur?“
774 790 813 822 et
837 780 920 823 fere
945 780 1058 837 peius
1083 778 1364 824 Rubukenius:
1404 781 1573 838 „supple
1599 797 1716 824 causa
1736 782 1802 824 vel
1826 781 1953 836 gratia
1984 781 2086 836 quod
2112 797 2224 837 saepe

235 860 309 901 per
333 846 489 898 ellipsin
515 845 749 885 omittitur.“
809 844 942 896 Quam
968 859 1053 884 rem
1074 845 1125 883 ad
1143 845 1462 885 demonstandam
1488 859 1541 884 ex
1561 844 1753 885 Cicerone
1779 845 1858 884 Vir
1882 847 1982 885 doct.
1999 846 2224 898 exemplum

234 911 312 949 fert
341 924 414 949 nec
438 924 528 949 cum
555 917 687 948 nostro
713 907 1018 961 comparandum
1044 922 1119 948 nec
1143 905 1208 947 cui
1233 907 1408 961 suppleto
1447 922 1597 958 „causa
1605 910 1635 935 ‘⁴
1669 923 1768 963 opus
1794 907 1864 957 sit;
1914 905 1999 950 cic.
2023 908 2072 949 de
2099 917 2224 949 natur.

236 971 274 1013 d.
301 973 337 1012 1.
364 971 416 1011 21
444 983 597 1022 „unum
624 968 866 1009 deliberandi
891 968 996 1009 diem
1008 971 1037 994 “
1064 968 1160 1022 quin
1187 968 1237 1008 sit
1255 969 1560 1011 construendum
1583 969 1670 1023 quis
1697 969 1873 1009 dubitat?
1898 983 1999 1022 qnae
2025 983 2147 1022 quum
2173 969 2226 1008 ita

235 1035 329 1081 sint,
355 1034 473 1074 etiam
499 1041 633 1073 contra
659 1031 819 1081 libros,
822 1032 1106 1081 ,adsentando“
1128 1031 1282 1072 videtur
1314 1031 1563 1073 scribendum
1589 1047 1673 1073 esse
1712 1033 1838 1080 (conf.
1866 1031 2015 1084 Reisig.
2042 1032 2161 1073 schol
2189 1048 2225 1086 p.

237 1096 327 1137 755.
355 1110 388 1136 c.
414 1094 505 1136 adn.
531 1091 688 1148 Haas0).

209 1150 220 1161 ⁹
422 1158 478 1199 At
516 1158 593 1197 nisi
633 1157 876 1197 substantivo
913 1157 956 1196 iu
994 1156 1171 1209 genitivo
1210 1156 1404 1207 qualitatis
1442 1157 1567 1209 posito
1608 1156 1844 1197 adiectivurn
1876 1157 1971 1197 illud
1999 1161 2226 1201 describens

236 1196 462 1272 accedebat,
503 1220 577 1261 boc
613 1218 729 1260 modo
764 1217 1058 1259 describebatur
1088 1226 1133 1258 ut
1159 1212 1314 1258 nomini
1335 1231 1390 1258 ex
1415 1231 1492 1271 quo
1518 1218 1703 1272 penderet
1727 1217 1924 1271 genitivus
1954 1232 2095 1260 nomen
2122 1221 2228 1263 inter

235 1285 333 1326 illud
351 1294 388 1325 et
414 1283 639 1335 genitivum
658 1281 903 1323 intercedens
928 1281 1013 1323 sive
1039 1281 1321 1323 substantivum
1347 1280 1433 1322 sive
1457 1279 1692 1322 adiectivum
1718 1291 1992 1335 apponeretur,
2020 1293 2061 1323 ut
2087 1284 2122 1324 si
2140 1283 2226 1325 Te-

234 1347 384 1389 rentius
411 1346 488 1389 Ph.
511 1347 552 1388 5.
580 1347 616 1386 1.
643 1345 708 1385 26.
735 1343 856 1384 dicit:
898 1343 1040 1385 barum
1065 1343 1134 1399 qui
1159 1352 1217 1384 est
1239 1342 1420 1383 dominus
1446 1342 1613 1383 aedium.
1665 1342 1871 1383 Adiectiva
1908 1344 2001 1384 buic
2038 1346 2098 1386 rei
2133 1357 2225 1403 apta

235 1419 327 1461 sunt
354 1423 453 1460 quae
479 1408 634 1448 relativi
661 1412 786 1447 solent
824 1407 903 1446 dici
940 1407 1117 1447 notiones
1153 1406 1292 1460 partim
1331 1406 1555 1458 possidendi
1590 1406 1732 1458 partim
1769 1407 1964 1447 facultatis
2001 1410 2224 1460 possidendi

236 1471 381 1527 partim
420 1468 583 1511 rationis
621 1467 899 1524 exprimentes.
954 1466 1150 1522 Pleraque
1188 1466 1409 1510 huiusmodi
1437 1466 1677 1509 Terentiana
1711 1467 1892 1522 exempla
1924 1468 2101 1511 difficilia
2143 1486 2223 1513 non

234 1543 326 1575 sunt
363 1547 435 1573 nec
470 1531 619 1586 proprii
656 1530 869 1584 quidquam
907 1531 1075 1582 habent,
1117 1532 1157 1571 id
1184 1530 1284 1585 quod
1311 1529 1438 1583 magis
1463 1539 1608 1584 spectat
1634 1531 1683 1570 ad
1708 1539 1926 1584 temporum
1962 1534 2223 1585 posteriorum

233 1600 380 1650 poe'tas.
433 1593 552 1635 Gonf.
578 1594 654 1634 adi,
682 1594 842 1647 plenus:
869 1592 972 1634 Eun.
998 1594 1039 1634 2.
1064 1596 1104 1635 3.
1127 1595 1192 1635 27.
1215 1607 1355 1647 corpus
1380 1594 1486 1633 succi
1512 1593 1694 1647 plennm3
1733 1593 1813 1635 Ad.
1837 1594 1876 1635 5.
1902 1596 1940 1635 3.
1964 1596 2029 1635 60.
2061 1596 2223 1637 favillae

232 1674 274 1713 p.
299 1657 401 1698 fumi
417 1671 465 1697 ac
492 1656 674 1711 pollinis;
701 1654 801 1697 Hec.
827 1656 866 1697 5.
881 1657 919 1696 3.
945 1657 1010 1697 20.
1038 1656 1123 1697 vini
1149 1657 1326 1711 plenum3
1353 1654 1514 1697 vacivos
1537 1660 1726 1704 (vacuus)
1751 1654 1851 1696 Hea.
1870 1659 1915 1709 ,¹0
1947 1659 1982 1697 1.
2009 1657 2073 1698 38.
2098 1671 2156 1711 sq.
2183 1674 2224 1701 v.

234 1723 388 1773 tempus
413 1717 579 1767 laboris;
607 1717 848 1771 imprudens,
875 1717 1056 1770 ignarus:
1083 1717 1187 1759 Eun.
1214 1720 1249 1758 1.
1274 1718 1316 1760 2.
1340 1719 1408 1760 56.
1433 1717 1648 1772 inprudens
1674 1718 1815 1758 barum
1835 1732 1966 1758 rerum
1985 1718 2223 1774 ignarusque

235 1780 436 1831 omnium,
473 1779 573 1821 Hea.
599 1781 639 1821 2.
668 1783 703 1820 1.
745 1780 805 1820 14.
842 1780 1022 1835 ignaram
1058 1780 1153 1821 artis
1186 1780 1451 1830 meretriciae3
1491 1779 1696 1834 imperitus
1721 1780 1827 1823 And.
1853 1782 1892 1821 5.
1917 1780 1955 1822 4.
1982 1782 2018 1821 8.
2046 1782 2225 1824 homines

233 1845 436 1902 imperitos
462 1856 614 1891 rerum3
656 1841 864 1881 immemor
889 1841 997 1884 And.
1026 1844 1061 1883 1.
1090 1845 1126 1883 1.
1156 1844 1217 1883 17.
1242 1842 1467 1883 immemori
1503 1842 1699 1891 (bomini)
1736 1844 1919 1892 benefici;
1959 1843 2120 1897 cupidus
2146 1843 2224 1887 Ph.

233 1914 272 1952 3.
299 1912 337 1950 3.
367 1908 429 1950 12.
455 1919 529 1957 ego
556 1903 639 1944 eius
663 1903 822 1944 videndi
849 1904 1011 1957 cupidus
1041 1904 1167 1954 (conf.
1193 1908 1345 1959 supra),
1370 1919 1503 1946 socors
1530 1905 1607 1946 Ad.
1634 1904 1674 1947 4.
1699 1906 1738 1946 5.
1764 1906 1830 1948 61.
1856 1915 2070 1946 ceterarum
2087 1921 2224 1948 rerum

235 1983 275 2014 te
309 1968 530 2020 socordem3
569 1966 689 2007 miser
715 1966 795 2009 Ad.
820 1966 860 2008 4,
885 1967 924 2006 5.
950 1967 1016 2009 32.
1039 1966 1100 2006 ini
1126 1966 1249 2007 animi
1273 1966 1432 2008 misero.
1475 1967 1622 2008 ·Addas
1654 1968 1728 2008 boc
1766 1968 1991 2023 exemplum
2027 1968 2227 2025 participii

234 2032 418 2075 adiectivi
445 2031 531 2071 loco
556 2028 696 2082 positi:
728 2027 827 2070 Hec.
854 2030 892 2069 1.
917 2030 958 2070 2.
982 2030 1047 2069 67.
1074 2029 1234 2082 cupiens
1258 2029 1333 2071 tui.
1384 2030 1462 2071 His
1487 2031 1612 2070 multo
1647 2031 1759 2084 plura
1793 2031 1976 2084 exompla
2011 2033 2116 2086 apud
2143 2033 2227 2074 Te-

234 2094 405 2138 rentium
429 2091 688 2133 inveniuntur
712 2104 810 2144 quae
835 2090 905 2131 illa
933 2100 972 2132 et
997 2092 1198 2146 complura
1234 2090 1313 2133 alia
1345 2092 1567 2134 istiusmodi
1599 2092 1789 2133 adiectiva
1828 2093 1959 2134 addito
1994 2096 2120 2136 verbo
2145 2095 2229 2136 sive

235 2174 345 2201 mera
363 2155 502 2211 copula
527 2153 612 2195 sive
632 2154 755 2194 verbo
781 2153 977 2195 existendi
994 2154 1078 2195 sive
1101 2154 1297 2195 efficiendi
1320 2156 1541 2206 ostendunt,
1569 2170 1593 2195 e
1612 2169 1778 2208 quorum
1804 2156 2017 2197 verborum
2044 2167 2083 2197 et
2098 2158 2226 2198 adiec-

234 2223 409 2264 tivorum
426 2216 653 2258 notionibus
671 2215 888 2257 coniunctis
909 2230 1003 2258 usus
1020 2217 1203 2271 frequens
1222 2217 1380 2258 effluxit
1407 2227 1452 2258 ut
1477 2218 1635 2259 illorum
1661 2217 1749 2258 loco
1762 2216 1888 2271 posita
1908 2219 2027 2259 verba
2044 2234 2135 2259 cum
2152 2234 2226 2271 ge-

233 2284 360 2325 nitivo
378 2278 577 2335 qualitatis
598 2286 929 2329 construerentur,
956 2281 1059 2334 apud
1074 2279 1306 2319 Terentium
1325 2279 1442 2332 plura
1455 2293 1573 2332 quam
1589 2279 1692 2333 apud
1709 2278 1919 2332 scriptores
1936 2280 2003 2331 qui
2019 2290 2106 2333 post
2119 2281 2227 2320 bunc

235 2345 439 2388 vixerunt.
519 2339 599 2382 Sed
626 2339 1016 2383 animadvertendum
1041 2351 1099 2383 est
1124 2341 1293 2397 coepisse
1318 2350 1450 2383 tamen
1476 2341 1582 2382 illius
1608 2349 1733 2382 aetate
1756 2341 1862 2381 bunc
1888 2356 2000 2382 usum
2026 2342 2227 2383 labefieri:

235 2419 369 2459 carere
393 2404 499 2444 enim
525 2401 630 2442 dixit
655 2410 693 2441 et
717 2401 884 2442 alicuius
909 2403 969 2443 rei
996 2413 1035 2444 et
1060 2403 1190 2456 aliqua
1215 2417 1278 2453 re,
1303 2403 1524 2444 obsaturari
1551 2406 1626 2453 rei,
1651 2403 1849 2443 abundare
1872 2417 1943 2452 re„
1980 2403 2101 2455 potiri
2127 2418 2227 2445 rem.

236 2469 323 2512 lam
349 2466 397 2509 ad
424 2465 606 2520 exempla
630 2478 882 2519 quaecunque
905 2465 1041 2507 inveni
1068 2464 1329 2508 enumeranda
1361 2466 1527 2507 accedo:
1566 2464 1668 2509 Heu.
1693 2467 1731 2507 3.
1759 2467 1794 2506 1.
1823 2464 1886 2506 19.
1908 2462 2022 2505 cuius
2061 2473 2101 2505 te
2139 2465 2229 2507 fieri

234 2531 466 2589 participem
500 2527 611 2582 cupis
620 2544 633 2579 ;
673 2528 716 2568 ib
740 2527 779 2569 4.
805 2530 841 2569 1.
866 2529 932 2571 39.
958 2543 1010 2570 ne
1035 2544 1179 2584 expers
1204 2530 1322 2586 partis
1348 2540 1448 2572 esset
1457 2550 1474 2581 ,-
1514 2531 1592 2570 Ad.
1619 2532 1658 2571 3.
1682 2530 1720 2570 2.
1749 2531 1812 2570 12.
1838 2528 1910 2569 vix
1939 2543 2029 2569 snm
2067 2544 2228 2584 compos

234 2594 377 2644 animi3
414 2591 518 2633 Em».
547 2593 584 2631 l.
610 2592 649 2632 2.
670 2591 737 2633 25.
772 2591 909 2646 plenus
948 2591 1139 2634 rimarum
1177 2609 1283 2645 snm;
1323 2594 1404 2636 Ad.
1429 2596 1467 2635 3.
1492 2595 1530 2634 3.
1556 2592 1621 2634 58.
1661 2601 1955 2647 praeceptorum
1994 2592 2132 2646 plenus
2170 2601 2229 2632 est

233 2659 401 2699 istorum
423 2653 517 2705 ille;
556 2650 656 2694 Hec.
682 2654 723 2696 5.
748 2652 787 2695 4.
813 2653 852 2695 8.
877 2660 1092 2698 venustatis
1120 2662 1219 2707 (est)
1244 2655 1398 2712 plenior
1410 2672 1424 2707 3
1464 2654 1542 2696 Ad.
1567 2656 1606 2696 5.
1639 2656 1676 2696 1.
1701 2657 1739 2697 3.
1766 2668 1853 2696 sum
1878 2654 2059 2696 omnium
2094 2668 2228 2695 rerum

235 2730 362 2769 satur3
387 2717 489 2760 Hea.
515 2715 553 2758 4.
578 2716 617 2758 8.
639 2716 706 2758 28.
732 2716 845 2760 istius
869 2717 1165 2770 obsaturabere3
1190 2718 1296 2761 And.
1321 2720 1362 2762 5.
1386 2722 1425 2761 3.
1451 2718 1514 2759 19.
1541 2718 1658 2759 buius
1684 2718 1864 2771 indigeas
1889 2717 2030 2774 patris3
2056 2715 2157 2758 nea.
2183 2717 2224 2759 2.

233 2781 273 2825 4.
290 2781 356 2822 2⁰.
383 2779 442 2821 tui
460 2777 673 2822 carendum
690 2788 774 2820 erat
801 2779 925 2830 (conf.
940 2778 1100 2835 *Krneffi
1125 2792 1164 2823 et
1188 2781 1300 2825 Biur.
1328 2782 1355 2825 Ι.
1384 2781 1448 2832 Ι.);
1476 2780 1555 2824 Λᾶ.
1578 2782 1617 2822 2.
1646 2783 1682 2823 l.
1711 2782 1754 2828 6.
1773 2782 1958 2835 ignarum
1976 2778 2098 2820 {uisae
2113 2792 2229 2821 meo-
