2350 3086
176 227 360 268 videntur
370 239 441 264 nec
468 233 598 265 tamen
626 222 801 263 dativum
829 230 1047 262 monstrant
1071 220 1410 275 sedgenitivnm3
1439 235 1478 262 v.
1506 235 1540 262 c.
1567 219 1719 265 uma.
1737 223 1856 266 228.
1909 224 1990 267 Ad.
2014 226 2053 266 3.
2078 226 2122 267 .1,-
2135 227 2174 270 1,

177 291 267 332 voci
293 287 511 328 remedium
538 286 734 341 adpositus
761 294 816 325 est
841 283 1052 337 genitivus,
1093 284 1161 325 sed
1187 284 1286 337 legis
1311 283 1486 325 dativum
1513 283 1590 327 Ph.
1620 287 1653 325 l.
1678 283 1718 326 4.
1733 285 1813 327 ’223
1850 287 1955 339 qnod
1981 302 2055 340 ego
2071 289 2174 330 *huic

180 366 285 392 nunc
310 350 442 391 subito
468 348 591 390 exitio
617 347 836 388 remedium
862 346 1063 388 inveniam
1090 346 1236 389 miser?
1263 346 1339 387 Ph.
1359 345 1396 387 4.
1423 347 1462 388 3.
1490 349 1555 390 ll.
1580 346 1718 389 inveni
1743 348 1961 390 remedium
1986 350 2080 391 hnic
2104 351 2177 393 rei.

175 415 232 455 At
258 413 420 453 interest
447 413 521 451 hoc
547 410 651 464 qnod
679 408 740 450 his
766 409 863 450 locis
891 410 1056 450 verbum
1082 409 1311 452 inveniendi
1338 399 1494 461 figitur,
1521 408 1602 451 illis
1629 409 1756 451 maior
1781 409 1843 451 vis
1869 409 1971 451 inest
1995 414 2174 455 subma-

173 477 258 517 tivo
284 475 511 515 remedium.
566 472 651 513 Nec
678 482 809 512 tamen
846 473 922 512 hoc
947 471 1109 518 sufficia
1150 486 1244 512 nam
1271 484 1507 523 quamquam
1542 470 1617 512 Ph.
1645 475 1681 512 1.
1706 472 1744 512 4.
1771 473 1810 513 8.
1837 473 1977 513 verba:
2018 477 2176 523 „reme-

177 538 300 581 dium,
324 533 778 577 inveniam-iracundiae
792 536 819 558 “
860 532 959 573 nihil
987 532 1164 573 efficiunt
1186 533 1258 573 ubi
1294 531 1497 587 disceptari
1537 542 1713 586 nequest.
1739 546 1858 586 quem
1896 547 2029 575 casnm
2053 537 2171 590 poeta

178 599 375 653 posuerit,
415 597 564 637 accedit
590 596 691 636 alins
717 596 813 635 Hec.
842 599 880 635 3.
908 598 945 636 3.
974 598 1009 634 1.
1038 608 1164 646 neque
1190 609 1371 635 mearum
1398 608 1530 634 rerum
1557 594 1715 634 initium
1742 595 1857 639 illum
1882 596 2062 636 invenire
2086 596 2175 637 ido·

174 675 304 701 neum.
386 658 491 713 Quis
519 659 594 699 hoc
619 658 705 700 loco
733 657 800 698 ubi
828 657 932 698 idem
959 656 1123 697 verbum
1149 655 1382 701 inveniundi
1419 665 1458 696 et
1483 665 1636 711 praeter
1675 656 1751 698 hoc
1777 655 2013 700 adiectivum
2050 657 2176 711 „ido-

174 726 324 764 neum“
362 723 532 775 legimus
559 737 638 761 non
665 730 862 775 exspectet
889 719 1090 760 dativum?
1130 720 1300 773 denique
1326 734 1446 772 quum
1471 734 1521 759 ne
1547 718 1751 764 collocatio
1778 719 1937 772 quidem
1961 723 2175 763 verborum

174 800 296 839 quam
323 801 360 827 v.
389 800 423 827 c.
451 784 525 826 Ph.
553 785 579 825 l.
607 785 645 825 4.
671 786 723 825 32
750 783 821 824 vix
850 784 899 823 ab
918 783 991 822 hac
1018 781 1180 822 differre
1206 782 1313 823 dicas
1339 780 1563 835 explicandi
1589 780 1697 822 viam
1723 790 1913 823 monstret
1940 781 2041 824 nihil
2066 784 2174 825 aliud

176 860 220 890 ut
259 850 450 890 faciamus
487 847 722 901 relinquitur
759 847 833 887 nisi
872 853 913 885 ut
949 853 1162 886 statuamus
1197 843 1397 899 Romanos
1433 843 1563 886 dativo
1596 844 1654 884 uti
1693 844 1898 896 maluisse,
1949 846 2174 901 ubicunqne

178 913 345 953 verbum
383 920 616 965 usurparent
642 910 693 950 ad
728 909 830 962 quod
871 917 998 962 posset
1037 907 1180 947 referri
1217 921 1360 948 nomen
1392 907 1620 961 praesertim
1654 907 1723 947 ubi
1756 917 1883 947 essent
1921 909 2043 949 verba
2071 923 2172 962 quae

177 974 381 1015 deficiente
408 974 529 1013 altero
556 972 714 1012 nomine
740 985 830 1011 cnm
857 969 990 1010 dativo
1018 968 1203 1021 coniungi
1231 968 1534 1017 consuevissent,
1563 969 1629 1008 sed
1657 968 1877 1021 genitivum
1902 970 2176 1024 praeferebant

176 1037 297 1077 simul
324 1035 430 1075 notio
459 1034 629 1074 nominis
654 1032 832 1087 superior
858 1042 897 1072 et
922 1030 1084 1084 gravior
1108 1041 1192 1071 erat
1219 1044 1337 1082 quam
1364 1031 1487 1072 verbi.
1543 1030 1633 1082 Qua
1659 1046 1703 1072 re
1729 1045 1962 1086 quocunque
1988 1032 2073 1073 loco
2099 1032 2173 1074 du·

177 1099 325 1140 bitatur
350 1096 536 1137 sententia
565 1094 828 1135 examinanda
855 1103 932 1135 est:
960 1092 1058 1134 Hec.
1085 1095 1122 1134 3.
1150 1095 1192 1136 3.
1219 1097 1255 1134 1.
1282 1093 1479 1145 genitivus
1508 1109 1579 1134 suo
1601 1095 1687 1135 loco
1712 1094 1874 1147 legitur,
1914 1109 2039 1149 neque
2066 1096 2175 1136 enim

177 1159 405 1213 Pamphilus
431 1158 512 1198 suis
539 1159 656 1197 rebus
683 1158 841 1197 demum
867 1157 953 1197 vult
979 1156 1158 1197 invenire
1181 1155 1363 1206 initium,
1414 1157 1480 1196 sed
1507 1157 1548 1196 id
1575 1158 1677 1210 quod
1717 1157 1861 1197 habent
1887 1172 1980 1197 suae
2006 1172 2069 1197 res
2093 1157 2174 1197 ini-

177 1223 275 1262 tium
302 1229 343 1260 ut
368 1220 546 1260 inveniat
572 1229 691 1274 optat.
738 1218 817 1260 Sed
846 1234 919 1259 nec
937 1220 1035 1260 bene
1062 1218 1256 1259 diceretur
1283 1233 1354 1258 nec
1379 1228 1482 1258 recte
1508 1220 1613 1259 And.
1643 1222 1679 1261 1.
1698 1223 1733 1260 1.
1750 1219 1826 1261 124
1852 1229 1895 1260 tu
1921 1219 2004 1275 ipse
2031 1220 2173 1260 harum

173 1298 306 1324 rerum
346 1284 466 1323 finem
494 1282 781 1337 praescripsisti
811 1307 854 1314 -
888 1297 959 1336 pro
988 1281 1047 1321 his
1072 1282 1210 1333 rebus,
1257 1281 1401 1336 quippe
1427 1296 1528 1335 quae
1569 1296 1694 1334 nsque
1718 1282 1766 1323 ad
1793 1282 1892 1324 illud
1916 1291 2067 1337 tempus
2093 1283 2173 1323 fine

175 1346 383 1386 caruerint.
419 1344 536 1385 conf.
564 1344 666 1385 Hea.
693 1345 793 1398 prol.
821 1343 874 1384 34
898 1343 976 1384 nisi
1001 1344 1119 1382 finem
1146 1343 1363 1384 maledictis
1390 1344 1504 1395 facit3
1543 1343 1643 1387 Hec.
1670 1348 1705 1386 1.
1731 1346 1770 1386 2.
1796 1346 1860 1386 20.
1886 1359 1943 1398 sq.
1969 1345 2062 1385 haut
2087 1345 2175 1400 opi-

173 1423 248 1448 nor
274 1408 479 1448 commode
503 1410 625 1448 linem
650 1408 829 1448 statuisse
856 1407 1025 1448 orationi
1050 1406 1227 1450 militem.
1257 1430 1306 1437 -—
1335 1405 1454 1448 Conf.
1482 1416 1679 1460 praeterea
1706 1407 1807 1448 Hes.
1833 1409 1933 1461 prol.
1959 1407 2030 1456 47;
2069 1409 2107 1455 2.
2134 1411 2173 1449 3.

173 1471 269 1518 100;
309 1472 347 1510 3.
377 1473 413 1510 l.
445 1472 514 1519 133
551 1469 625 1510 Ph.
653 1472 688 1510 l.
717 1472 757 1510 3.
784 1470 832 1518 93
873 1471 910 1509 3.
938 1470 975 1508 3.
1002 1469 1047 1517 23
1082 1469 1159 1510 Ad.
1186 1469 1223 1509 4.
1251 1471 1289 1509 3.
1317 1470 1379 1508 11.
1407 1466 1506 1509 Hec.
1533 1469 1632 1521 prol.
1659 1470 1699 1511 2.
1726 1468 1777 1509 41
1800 1469 1858 1517 (4.
1886 1471 1923 1511 1.
1949 1469 2043 1517 59);
2071 1468 2109 1510 4.
2135 1470 2175 1510 2.

171 1534 209 1573 5.
239 1531 343 1582 (8.);
371 1532 470 1574 Hec.
497 1532 534 1574 4,
561 1532 599 1573 4.
627 1533 699 1582 92;
729 1531 803 1573 Ph.
832 1534 867 1573 l.
896 1533 934 1572 2.
957 1532 1026 1577 213
1063 1534 1099 1572 3.
1127 1533 1165 1573 3.
1197 1531 1266 1582 143
1305 1529 1344 1571 4.
1371 1529 1410 1573 4.
1435 1531 1508 1574 2ος
1534 1531 1572 1571 5.
1599 1531 1639 1573 6.
1666 1532 1731 1572 32.
1761 1556 1808 1562 -—
1836 1531 1942 1572 And.
1968 1532 2008 1572 2.
2034 1532 2073 1572 6.
2099 1532 2172 1575 27ῑ

174 1595 278 1636 Eun.
304 1597 343 1635 2.
371 1597 409 1635 3.
438 1596 517 1644 685
551 1597 591 1636 5.
618 1596 657 1635 8.
684 1596 758 1644 22;
782 1595 860 1635 Ad.
887 1594 924 1634 4.
950 1595 987 1634 2.
1013 1595 1084 1640 295
1111 1593 1210 1634 Hec.
1238 1592 1338 1647 prol.
1364 1593 1402 1632 2.
1430 1592 1495 1633 40.
1524 1590 1611 1640 (Ex
1637 1593 1765 1633 forma
1794 1593 2027 1633 substantivi
2049 1592 2175 1634 conii-

172 1671 262 1697 cere
287 1671 367 1698 non
396 1668 504 1712 potes
535 1667 623 1698 utro
651 1672 743 1697 casu
771 1660 883 1711 poeta
899 1671 990 1697 usus
1016 1655 1083 1696 sit:
1110 1655 1210 1698 Hec.
1237 1655 1337 1710 prol.
1363 1655 1402 1696 2.
1428 1654 1501 1705 243
1528 1657 1567 1696 3.
1592 1656 1631 1696 2.
1658 1656 1705 1705 23
1732 1655 1837 1697 And.
1865 1655 1901 1696 4.
1929 1657 1966 1696 3.
1994 1656 2042 1704 2,·
2070 1653 2173 1696 Eun.

171 1719 210 1759 4.
239 1720 277 1759 3.
304 1719 349 1769 4;
377 1721 456 1761 Ad.
485 1721 582 1774 prol.
601 1721 675 1771 253
704 1722 739 1761 1.
768 1722 805 1760 2.
833 1720 918 1769 66).
946 1719 1010 1760 De
1037 1721 1095 1761 his
1113 1730 1151 1762 et
1176 1717 1310 1759 multis
1336 1716 1424 1757 aliis
1452 1717 1644 1772 exemplis
1668 1718 1702 1758 si
1729 1728 1881 1773 tempus
1907 1717 2006 1758 mihi
2032 1731 2172 1771 suppe-

172 1789 227 1819 tet
253 1782 332 1820 alio
359 1784 446 1821 loco
474 1783 715 1821 accurratius
742 1782 943 1821 disseram.
973 1806 1019 1809 -—

360 1846 466 1884 Adn.
496 1843 549 1884 ll.
602 1842 694 1883 Non
722 1857 813 1885 raro
839 1845 883 1883 fit
909 1854 950 1882 nt
978 1858 1084 1883 casus
1110 1846 1270 1897 quidam
1306 1860 1395 1885 cum
1435 1843 1725 1898 praepositione
1757 1844 1993 1886 *coniunctus
2025 1856 2173 1901 positus

177 1928 261 1953 esse
301 1909 455 1951 dicatur
492 1922 565 1962 pro
603 1906 682 1947 alio
708 1921 801 1948 casu
842 1922 915 1947 nec
954 1907 1169 1959 genitivum
1205 1908 1387 1962 excipere
1415 1921 1633 1962 possumus.
1685 1904 1738 1946 Et
1777 1921 1870 1947 vere
1909 1907 2000 1948 sunt
2025 1912 2172 1952 multae

176 1971 530 2028 praepositionibus
557 1983 768 2022 expressae
794 1969 982 2008 dictiones
1007 1983 1100 2021 quas
1125 1970 1312 2023 genitivis
1352 1983 1436 2010 esse
1461 1969 1610 2011 similes
1636 1980 1780 2019 negare
1808 1981 1886 2006 non
1913 1978 2035 2023 potes.
2086 1971 2173 2014 lam

181 2035 248 2077 hic
286 2048 408 2088 quum
446 2046 564 2087 supra
602 2031 651 2072 de
692 2029 881 2084 genitivis
911 2033 1135 2084 possessivis
1167 2043 1206 2074 et
1243 2033 1404 2076 subiect.
1444 2043 1481 2073 et
1520 2031 1660 2073 obiect.
1700 2030 1847 2071 dictum
1874 2031 1943 2082 sit,
1983 2037 2172 2076 nonnulla

176 2097 360 2150 exempla
400 2095 499 2135 addo
525 2093 594 2133 ubi
621 2092 930 2148 praepositiones
969 2108 1054 2134 cum
1082 2094 1235 2137 casibus
1263 2096 1345 2136 suis
1371 2108 1443 2149 pro
1468 2093 1656 2147 genitivis
1681 2101 1783 2133 stare
1807 2093 2001 2137 videntur.
2057 2097 2175 2141 conf,

173 2160 277 2200 Eun.
316 2161 354 2198 3.
385 2160 421 2197 1.
447 2158 511 2197 25.
539 2157 659 2196 habes
697 2155 909 2210 imperium
935 2156 976 2195 in
1003 2158 1149 2199 belluas
1188 2157 1316 2212 (conf.
1341 2158 1380 2197 5.
1407 2157 1445 2198 4.
1472 2155 1547 2206 41;
1590 2154 1690 2196 Hea.
1717 2154 1756 2197 4.
1780 2157 1820 2197 3.
1844 2157 1942 2208 32);
1990 2159 2045 2201 ib.
2068 2160 2107 2201 5.
2135 2160 2173 2203 4.

171 2223 237 2265 24.
275 2236 377 2276 quae
413 2220 546 2260 futura
573 2220 756 2273 exempla
793 2219 926 2259 dicunt
953 2220 994 2259 in
1031 2236 1120 2262 enm
1157 2219 1323 2272 indigna
1361 2218 1486 2273 (conf.
1515 2234 1553 2259 v.
1579 2219 1675 2269 26);
1707 2216 1824 2259 Hes.
1853 2221 1890 2260 3.
1920 2223 1954 2260 l.
1985 2223 2045 2262 15.
2074 2223 2173 2264 milii

172 2286 336 2339 quidem
352 2282 496 2324 cotidie
522 2282 695 2335 augescit
720 2281 846 2335 magis
874 2282 922 2321 de
947 2283 1027 2323 lilio
1056 2283 1259 2337 aegritudo
1266 2297 1278 2332 3
1306 2280 1410 2324 Eun.
1435 2283 1473 2324 5.
1494 2280 1533 2323 4.
1559 2282 1597 2323 5.
1624 2295 1647 2322 a
1671 2280 1875 2322 meretrice
1900 2295 2021 2323 avara
2048 2284 2173 2338 virgi-

174 2364 262 2388 nem
290 2370 343 2378 --
369 2346 545 2393 amabat3
584 2343 684 2383 Hea.
712 2346 750 2385 5.
777 2347 815 2384 2.
842 2346 908 2385 27.
944 2346 1131 2399 periclum
1171 2345 1289 2384 etiam
1317 2360 1339 2384 a
1367 2345 1473 2384 fame
1497 2345 1595 2385 mihi
1621 2345 1693 2393 sit3
1743 2343 1819 2383 Pb.
1845 2346 1884 2383 2.
1912 2347 1950 2385 l.
1978 2347 2029 2386 16
2048 2354 2172 2389 Omne

177 2410 217 2451 id
254 2409 439 2464 deputare
475 2420 559 2447 esse
586 2405 628 2446 in
657 2405 779 2446 lucro.
833 2403 1137 2450 Similitudinem
1176 2416 1279 2447 certe
1307 2407 1390 2448 eius
1423 2407 1586 2449 rationis
1611 2421 1712 2461 quae
1749 2405 1853 2446 inter
1889 2407 2109 2460 genitivum
2134 2421 2174 2451 et

176 2484 320 2510 nomen
347 2470 438 2509 hnic
473 2470 666 2509 adiectum
702 2468 907 2508 intercedit
933 2471 1112 2514 omnibns
1143 2471 1206 2510 his
1245 2470 1341 2510 locis
1366 2471 1670 2519 animadvertas,
1714 2483 1786 2509 nec
1824 2478 1955 2510 tamen
1992 2472 2074 2511 ullo
2105 2486 2173 2510 eo-

176 2547 266 2577 rnm
292 2531 464 2583 genitivo
490 2546 563 2586 pro
599 2530 886 2585 praepositione
911 2531 969 2572 uti
994 2532 1140 2575 liceret.
1205 2531 1388 2585 Denique
1413 2533 1516 2574 conf.
1540 2531 1618 2574 Ph.
1646 2534 1679 2572 1.
1707 2532 1745 2572 2.
1772 2533 1836 2573 55.
1876 2533 1944 2572 ubi
1969 2543 2173 2573 consenta-

172 2609 293 2637 neum
316 2606 400 2633 esse
423 2594 579 2635 videtur
603 2592 822 2647 genitivum
849 2608 922 2649 pro
948 2594 1234 2651 praepositione
1261 2609 1351 2635 cnm
1374 2610 1465 2637 casn
1489 2610 1562 2637 suo
1601 2603 1724 2645 stare,
1763 2594 1860 2635 haec
1884 2603 2014 2635 tamen
2040 2594 2170 2639 locum

173 2659 307 2709 lubet,
333 2670 427 2697 nam
453 2657 617 2709 legimus
640 2657 772 2709 „nihil
793 2650 934 2700 'aderat
959 2657 1176 2700 adiumenti
1198 2657 1246 2697 ad
1274 2657 1648 2711 pulchritudinem.“
1699 2655 1783 2698 lam
1809 2657 1982 2712 primum
2009 2656 2173 2712 quisque

174 2721 280 2763 videt
298 2719 538 2775 disponenda
564 2736 646 2763 essc
670 2720 769 2763 haec
791 2722 912 2764 verba
938 2721 1016 2765 ita:
1044 2722 1145 2765 nihil
1171 2720 1386 2763 adiumenti
1408 2722 1543 2764 aderat
1563 2721 1615 2769 ad
1641 2737 1692 2777 p.,
1706 2736 1779 2764 nec
1804 2731 1885 2762 tam
1912 2718 1960 2759 de
1986 2719 2176 2765 adiuvan-

175 2785 224 2823 da
251 2782 545 2837 pulchritudine
585 2785 647 2823 vel
674 2786 722 2824 de
748 2784 922 2826 remedio
947 2785 1250 2841 pulchritudinis
1296 2786 1494 2839 augendae
1520 2798 1638 2838 quam
1678 2785 1726 2825 de
1764 2798 1807 2824 re
1833 2781 1964 2835 aliqua
1992 2795 2091 2836 quae
2121 2786 2176 2826 ad
