<?xml version="1.0" encoding="UTF-8"?>
<!DOCTYPE html PUBLIC "-//W3C//DTD XHTML 1.0 Transitional//EN"
    "http://www.w3.org/TR/xhtml1/DTD/xhtml1-transitional.dtd">
<html xmlns="http://www.w3.org/1999/xhtml" xml:lang="en" lang="en">
 <head>
  <title>
</title>
<meta http-equiv="Content-Type" content="text/html;charset=utf-8" />
  <meta name='ocr-system' content='tesseract 3.04.00' />
  <meta name='ocr-capabilities' content='ocr_page ocr_carea ocr_par ocr_line ocrx_word'/>
</head>
<body>
  <div class='ocr_page' id='page_1' title='image "./4770955_0010.png"; bbox 0 0 2350 3086; ppageno 0'>
   <div class='ocr_carea' id='block_1_1' title="bbox 902 109 1429 156">
    <p class='ocr_par' dir='ltr' id='par_1_1' title="bbox 902 109 1429 156">
     <span class='ocr_line' id='line_1_1' title="bbox 902 109 1429 156; baseline 0.015 -13"><span class='ocrx_word' id='word_1_1' title='bbox 902 109 1429 156; x_wconf 72' lang='grc'><strong>---2,---</strong></span> 
     </span>
    </p>
   </div>
   <div class='ocr_carea' id='block_1_2' title="bbox 145 229 2168 2837">
    <p class='ocr_par' dir='ltr' id='par_1_2' title="bbox 168 229 2168 722">
     <span class='ocr_line' id='line_1_2' title="bbox 358 229 2166 286; baseline -0.001 -12"><span class='ocrx_word' id='word_1_2' title='bbox 358 233 442 274; x_wconf 89' lang='lat' dir='ltr'><strong>Nec</strong></span> <span class='ocrx_word' id='word_1_3' title='bbox 468 234 516 274; x_wconf 89' lang='lat' dir='ltr'><strong>de</strong></span> <span class='ocrx_word' id='word_1_4' title='bbox 542 232 814 274; x_wconf 87' lang='lat' dir='ltr'><strong>Romanorum</strong></span> <span class='ocrx_word' id='word_1_5' title='bbox 840 233 964 286; x_wconf 68' lang='lat' dir='ltr'><strong>poetis</strong></span> <span class='ocrx_word' id='word_1_6' title='bbox 988 230 1146 271; x_wconf 89' lang='lat' dir='ltr'><strong>comicis</strong></span> <span class='ocrx_word' id='word_1_7' title='bbox 1173 232 1249 272; x_wconf 89' lang='lat' dir='ltr'><strong>alia</strong></span> <span class='ocrx_word' id='word_1_8' title='bbox 1277 246 1322 272; x_wconf 90' lang='lat' dir='ltr'><strong>ac</strong></span> <span class='ocrx_word' id='word_1_9' title='bbox 1348 231 1395 270; x_wconf 91' lang='lat' dir='ltr'><strong>de</strong></span> <span class='ocrx_word' id='word_1_10' title='bbox 1423 229 1559 270; x_wconf 85' lang='lat' dir='ltr'><strong>ceteris</strong></span> <span class='ocrx_word' id='word_1_11' title='bbox 1586 229 1745 270; x_wconf 86' lang='lat' dir='ltr'><strong>dicenda</strong></span> <span class='ocrx_word' id='word_1_12' title='bbox 1786 241 1899 282; x_wconf 91' lang='lat' dir='ltr'><strong>sunt,</strong></span> <span class='ocrx_word' id='word_1_13' title='bbox 1936 231 2007 273; x_wconf 87' lang='lat' dir='ltr'><strong>etsi</strong></span> <span class='ocrx_word' id='word_1_14' title='bbox 2047 247 2166 286; x_wconf 87' lang='lat' dir='ltr'><strong>qnae-</strong></span> 
     </span>
     <span class='ocr_line' id='line_1_3' title="bbox 173 291 2168 350; baseline -0.002 -13"><span class='ocrx_word' id='word_1_15' title='bbox 173 309 326 348; x_wconf 86' lang='lat' dir='ltr'><strong>cnnque</strong></span> <span class='ocrx_word' id='word_1_16' title='bbox 352 296 401 334; x_wconf 90' lang='lat' dir='ltr'><strong>ad</strong></span> <span class='ocrx_word' id='word_1_17' title='bbox 431 309 502 335; x_wconf 88' lang='lat' dir='ltr'><strong>nos</strong></span> <span class='ocrx_word' id='word_1_18' title='bbox 526 301 790 350; x_wconf 87' lang='lat' dir='ltr'><strong>pervenerunt</strong></span> <span class='ocrx_word' id='word_1_19' title='bbox 827 308 907 332; x_wconf 89' lang='lat' dir='ltr'><strong>non</strong></span> <span class='ocrx_word' id='word_1_20' title='bbox 932 293 1087 333; x_wconf 85' lang='lat' dir='ltr'><strong>illorum</strong></span> <span class='ocrx_word' id='word_1_21' title='bbox 1112 293 1272 348; x_wconf 85' lang='lat' dir='ltr'><strong>propria</strong></span> <span class='ocrx_word' id='word_1_22' title='bbox 1297 301 1409 342; x_wconf 86' lang='lat' dir='ltr'><strong>sunt;</strong></span> <span class='ocrx_word' id='word_1_23' title='bbox 1447 292 1576 346; x_wconf 88' lang='lat' dir='ltr'><strong>itaque</strong></span> <span class='ocrx_word' id='word_1_24' title='bbox 1614 291 1648 332; x_wconf 89' lang='lat' dir='ltr'><strong>si</strong></span> <span class='ocrx_word' id='word_1_25' title='bbox 1675 291 1761 345; x_wconf 87' lang='lat' dir='ltr'><strong>quis</strong></span> <span class='ocrx_word' id='word_1_26' title='bbox 1787 292 2012 333; x_wconf 69' lang='lat' dir='ltr'><strong>historicam</strong></span> <span class='ocrx_word' id='word_1_27' title='bbox 2037 307 2168 348; x_wconf 83' lang='lat' dir='ltr'><strong>gram-</strong></span> 
     </span>
     <span class='ocr_line' id='line_1_4' title="bbox 170 355 2168 410; baseline -0.001 -11"><span class='ocrx_word' id='word_1_28' title='bbox 170 359 354 399; x_wconf 86' lang='lat' dir='ltr'><strong>maticam</strong></span> <span class='ocrx_word' id='word_1_29' title='bbox 372 357 534 398; x_wconf 88' lang='lat' dir='ltr'><strong>latinam</strong></span> <span class='ocrx_word' id='word_1_30' title='bbox 561 357 778 410; x_wconf 85' lang='lat' dir='ltr'><strong>scripturus</strong></span> <span class='ocrx_word' id='word_1_31' title='bbox 796 356 870 406; x_wconf 90' lang='lat' dir='ltr'><strong>sit,</strong></span> <span class='ocrx_word' id='word_1_32' title='bbox 899 356 940 395; x_wconf 87' lang='lat' dir='ltr'><strong>hi</strong></span> <span class='ocrx_word' id='word_1_33' title='bbox 966 355 1087 409; x_wconf 87' lang='lat' dir='ltr'><strong>pluris</strong></span> <span class='ocrx_word' id='word_1_34' title='bbox 1112 356 1284 398; x_wconf 79' lang='lat' dir='ltr'><strong>faciendi</strong></span> <span class='ocrx_word' id='word_1_35' title='bbox 1310 366 1423 396; x_wconf 89' lang='lat' dir='ltr'><strong>erunt</strong></span> <span class='ocrx_word' id='word_1_36' title='bbox 1449 370 1564 408; x_wconf 88' lang='lat' dir='ltr'><strong>quam</strong></span> <span class='ocrx_word' id='word_1_37' title='bbox 1588 356 1714 396; x_wconf 85' lang='lat' dir='ltr'><strong>adhuc</strong></span> <span class='ocrx_word' id='word_1_38' title='bbox 1740 370 1761 395; x_wconf 91' lang='lat' dir='ltr'><strong>a</strong></span> <span class='ocrx_word' id='word_1_39' title='bbox 1786 358 2049 408; x_wconf 74' lang='lat' dir='ltr'>grammaticis</span> <span class='ocrx_word' id='word_1_40' title='bbox 2074 357 2168 397; x_wconf 77' lang='lat' dir='ltr'><strong>facti</strong></span> 
     </span>
     <span class='ocr_line' id='line_1_5' title="bbox 168 417 2166 472; baseline -0.001 -11"><span class='ocrx_word' id='word_1_41' title='bbox 168 430 270 461; x_wconf 89' lang='lat' dir='ltr'><strong>sunt.</strong></span> <span class='ocrx_word' id='word_1_42' title='bbox 326 419 482 460; x_wconf 87' lang='lat' dir='ltr'><strong>Horum</strong></span> <span class='ocrx_word' id='word_1_43' title='bbox 510 418 617 459; x_wconf 88' lang='lat' dir='ltr'><strong>enim</strong></span> <span class='ocrx_word' id='word_1_44' title='bbox 645 432 869 459; x_wconf 89' lang='lat' dir='ltr'><strong>sermonem</strong></span> <span class='ocrx_word' id='word_1_45' title='bbox 896 417 1097 472; x_wconf 80' lang='lat' dir='ltr'>permagni</span> <span class='ocrx_word' id='word_1_46' title='bbox 1124 417 1238 459; x_wconf 89' lang='lat' dir='ltr'><strong>nobis</strong></span> <span class='ocrx_word' id='word_1_47' title='bbox 1264 432 1349 459; x_wconf 83' lang='lat' dir='ltr'><strong>esse</strong></span> <span class='ocrx_word' id='word_1_48' title='bbox 1376 417 1596 457; x_wconf 81' lang='lat' dir='ltr'><strong>faciendum</strong></span> <span class='ocrx_word' id='word_1_49' title='bbox 1622 417 1709 471; x_wconf 90' lang='lat' dir='ltr'><strong>quis</strong></span> <span class='ocrx_word' id='word_1_50' title='bbox 1742 425 1875 470; x_wconf 86' lang='lat' dir='ltr'><strong>neget,</strong></span> <span class='ocrx_word' id='word_1_51' title='bbox 1914 431 2080 470; x_wconf 88' lang='lat' dir='ltr'><strong>quorum</strong></span> <span class='ocrx_word' id='word_1_52' title='bbox 2104 419 2166 460; x_wconf 80' lang='lat' dir='ltr'><strong>fa-</strong></span> 
     </span>
     <span class='ocr_line' id='line_1_6' title="bbox 170 480 2165 536; baseline -0.001 -14"><span class='ocrx_word' id='word_1_53' title='bbox 170 484 286 522; x_wconf 89' lang='lat' dir='ltr'><strong>bulae</strong></span> <span class='ocrx_word' id='word_1_54' title='bbox 323 482 544 536; x_wconf 77' lang='lat' dir='ltr'><strong>postpositis</strong></span> <span class='ocrx_word' id='word_1_55' title='bbox 573 482 676 521; x_wconf 87' lang='lat' dir='ltr'><strong>haud</strong></span> <span class='ocrx_word' id='word_1_56' title='bbox 704 482 836 520; x_wconf 89' lang='lat' dir='ltr'><strong>multis</strong></span> <span class='ocrx_word' id='word_1_57' title='bbox 863 491 899 520; x_wconf 90' lang='lat' dir='ltr'><strong>et</strong></span> <span class='ocrx_word' id='word_1_58' title='bbox 926 480 1161 520; x_wconf 77' lang='lat' dir='ltr'><strong>comicorum</strong></span> <span class='ocrx_word' id='word_1_59' title='bbox 1186 484 1388 534; x_wconf 66' lang='lat' dir='ltr'><strong>poetarum</strong></span> <span class='ocrx_word' id='word_1_60' title='bbox 1430 491 1465 519; x_wconf 90' lang='lat' dir='ltr'><strong>et</strong></span> <span class='ocrx_word' id='word_1_61' title='bbox 1492 480 1730 531; x_wconf 75' lang='lat' dir='ltr'><strong>tragicorum</strong></span> <span class='ocrx_word' id='word_1_62' title='bbox 1769 491 1806 520; x_wconf 92' lang='lat' dir='ltr'><strong>et</strong></span> <span class='ocrx_word' id='word_1_63' title='bbox 1832 480 1965 535; x_wconf 78' lang='lat' dir='ltr'><strong>paucis</strong></span> <span class='ocrx_word' id='word_1_64' title='bbox 1998 482 2165 521; x_wconf 89' lang='lat' dir='ltr'><strong>aliorum</strong></span> 
     </span>
     <span class='ocr_line' id='line_1_7' title="bbox 175 542 2165 599; baseline -0.001 -14"><span class='ocrx_word' id='word_1_65' title='bbox 175 545 407 599; x_wconf 85' lang='lat' dir='ltr'><strong>scriptorum</strong></span> <span class='ocrx_word' id='word_1_66' title='bbox 426 543 660 597; x_wconf 77' lang='lat' dir='ltr'><strong>fragmentis</strong></span> <span class='ocrx_word' id='word_1_67' title='bbox 685 543 953 597; x_wconf 86' lang='lat' dir='ltr'><strong>antiquissima</strong></span> <span class='ocrx_word' id='word_1_68' title='bbox 972 543 1128 595; x_wconf 85' lang='lat' dir='ltr'><strong>linguae</strong></span> <span class='ocrx_word' id='word_1_69' title='bbox 1154 542 1298 584; x_wconf 89' lang='lat' dir='ltr'><strong>latinae</strong></span> <span class='ocrx_word' id='word_1_70' title='bbox 1317 543 1394 585; x_wconf 87' lang='lat' dir='ltr'><strong>sint</strong></span> <span class='ocrx_word' id='word_1_71' title='bbox 1413 551 1663 585; x_wconf 86' lang='lat' dir='ltr'><strong>monumenta</strong></span> <span class='ocrx_word' id='word_1_72' title='bbox 1692 553 1729 584; x_wconf 89' lang='lat' dir='ltr'><strong>et</strong></span> <span class='ocrx_word' id='word_1_73' title='bbox 1755 543 1797 584; x_wconf 88' lang='lat' dir='ltr'><strong>in</strong></span> <span class='ocrx_word' id='word_1_74' title='bbox 1823 543 1962 597; x_wconf 89' lang='lat' dir='ltr'><strong>quibus</strong></span> <span class='ocrx_word' id='word_1_75' title='bbox 1989 558 2066 584; x_wconf 90' lang='lat' dir='ltr'><strong>non</strong></span> <span class='ocrx_word' id='word_1_76' title='bbox 2085 552 2165 584; x_wconf 87' lang='lat' dir='ltr'><strong>tam</strong></span> 
     </span>
     <span class='ocr_line' id='line_1_8' title="bbox 176 604 2165 659; baseline -0.001 -12"><span class='ocrx_word' id='word_1_77' title='bbox 176 608 347 647; x_wconf 88' lang='lat' dir='ltr'><strong>eruditos</strong></span> <span class='ocrx_word' id='word_1_78' title='bbox 379 616 417 646; x_wconf 92' lang='lat' dir='ltr'><strong>et</strong></span> <span class='ocrx_word' id='word_1_79' title='bbox 443 607 632 647; x_wconf 89' lang='lat' dir='ltr'><strong>litteratos</strong></span> <span class='ocrx_word' id='word_1_80' title='bbox 658 606 837 647; x_wconf 88' lang='lat' dir='ltr'><strong>homines</strong></span> <span class='ocrx_word' id='word_1_81' title='bbox 868 605 1008 646; x_wconf 89' lang='lat' dir='ltr'><strong>latinos</strong></span> <span class='ocrx_word' id='word_1_82' title='bbox 1033 604 1233 646; x_wconf 76' lang='lat' dir='ltr'><strong>audiamus</strong></span> <span class='ocrx_word' id='word_1_83' title='bbox 1258 607 1457 659; x_wconf 85' lang='lat' dir='ltr'><strong>loquentes</strong></span> <span class='ocrx_word' id='word_1_84' title='bbox 1483 620 1598 659; x_wconf 88' lang='lat' dir='ltr'><strong>quam</strong></span> <span class='ocrx_word' id='word_1_85' title='bbox 1635 606 1799 658; x_wconf 85' lang='lat' dir='ltr'><strong>vulgus,</strong></span> <span class='ocrx_word' id='word_1_86' title='bbox 1839 606 1949 646; x_wconf 87' lang='lat' dir='ltr'><strong>cuius</strong></span> <span class='ocrx_word' id='word_1_87' title='bbox 1987 620 2165 647; x_wconf 83' lang='lat' dir='ltr'><strong>sermone</strong></span> 
     </span>
     <span class='ocr_line' id='line_1_9' title="bbox 169 667 1430 722; baseline 0.001 -15"><span class='ocrx_word' id='word_1_88' title='bbox 169 678 390 722; x_wconf 88' lang='lat' dir='ltr'><strong>temporum</strong></span> <span class='ocrx_word' id='word_1_89' title='bbox 417 668 534 708; x_wconf 88' lang='lat' dir='ltr'><strong>etiam</strong></span> <span class='ocrx_word' id='word_1_90' title='bbox 562 668 825 721; x_wconf 87' lang='lat' dir='ltr'><strong>antiquiorum</strong></span> <span class='ocrx_word' id='word_1_91' title='bbox 853 667 1037 719; x_wconf 85' lang='lat' dir='ltr'><strong>reliquiae</strong></span> <span class='ocrx_word' id='word_1_92' title='bbox 1063 667 1186 706; x_wconf 88' lang='lat' dir='ltr'><strong>solent</strong></span> <span class='ocrx_word' id='word_1_93' title='bbox 1212 667 1430 709; x_wconf 61' lang='lat' dir='ltr'><strong>contineri?</strong></span> 
     </span>
    </p>

    <p class='ocr_par' dir='ltr' id='par_1_3' title="bbox 167 729 2163 908">
     <span class='ocr_line' id='line_1_10' title="bbox 366 729 2161 785; baseline -0.002 -13"><span class='ocrx_word' id='word_1_94' title='bbox 366 731 449 772; x_wconf 87' lang='lat' dir='ltr'><strong>lam</strong></span> <span class='ocrx_word' id='word_1_95' title='bbox 476 746 591 784; x_wconf 89' lang='lat' dir='ltr'><strong>quem</strong></span> <span class='ocrx_word' id='word_1_96' title='bbox 618 730 816 785; x_wconf 90' lang='lat' dir='ltr'><strong>composui</strong></span> <span class='ocrx_word' id='word_1_97' title='bbox 852 730 1004 770; x_wconf 90' lang='lat' dir='ltr'><strong>libellus</strong></span> <span class='ocrx_word' id='word_1_98' title='bbox 1039 736 1173 769; x_wconf 86' lang='lat' dir='ltr'><strong>tractat</strong></span> <span class='ocrx_word' id='word_1_99' title='bbox 1198 744 1313 771; x_wconf 90' lang='lat' dir='ltr'><strong>usum</strong></span> <span class='ocrx_word' id='word_1_100' title='bbox 1339 729 1504 783; x_wconf 85' lang='lat' dir='ltr'><strong>genitivi</strong></span> <span class='ocrx_word' id='word_1_101' title='bbox 1531 729 1836 781; x_wconf 78' lang='lat' dir='ltr'><strong>Terentianum,</strong></span> <span class='ocrx_word' id='word_1_102' title='bbox 1878 735 1942 771; x_wconf 83' lang='lat' dir='ltr'><strong>sed</strong></span> <span class='ocrx_word' id='word_1_103' title='bbox 1970 745 2047 771; x_wconf 91' lang='lat' dir='ltr'><strong>non</strong></span> <span class='ocrx_word' id='word_1_104' title='bbox 2073 744 2161 769; x_wconf 90' lang='lat' dir='ltr'><strong>enm</strong></span> 
     </span>
     <span class='ocr_line' id='line_1_11' title="bbox 168 790 2163 845; baseline -0.001 -13"><span class='ocrx_word' id='word_1_105' title='bbox 168 795 297 832; x_wconf 86' lang='lat' dir='ltr'><strong>solum</strong></span> <span class='ocrx_word' id='word_1_106' title='bbox 325 794 447 832; x_wconf 87' lang='lat' dir='ltr'><strong>latine</strong></span> <span class='ocrx_word' id='word_1_107' title='bbox 476 793 630 832; x_wconf 88' lang='lat' dir='ltr'><strong>dicendi</strong></span> <span class='ocrx_word' id='word_1_108' title='bbox 656 807 769 832; x_wconf 89' lang='lat' dir='ltr'><strong>usum</strong></span> <span class='ocrx_word' id='word_1_109' title='bbox 797 793 981 841; x_wconf 89' lang='lat' dir='ltr'><strong>continet,</strong></span> <span class='ocrx_word' id='word_1_110' title='bbox 1008 791 1072 843; x_wconf 86' lang='lat' dir='ltr'><strong>qni</strong></span> <span class='ocrx_word' id='word_1_111' title='bbox 1099 790 1149 829; x_wconf 85' lang='lat' dir='ltr'><strong>sit</strong></span> <span class='ocrx_word' id='word_1_112' title='bbox 1175 793 1357 845; x_wconf 89' lang='lat' dir='ltr'><strong>proprius</strong></span> <span class='ocrx_word' id='word_1_113' title='bbox 1375 792 1569 840; x_wconf 81' lang='lat' dir='ltr'><strong>Terentii,</strong></span> <span class='ocrx_word' id='word_1_114' title='bbox 1608 807 1745 832; x_wconf 86' lang='lat' dir='ltr'><strong>verum</strong></span> <span class='ocrx_word' id='word_1_115' title='bbox 1771 807 2020 844; x_wconf 88' lang='lat' dir='ltr'><strong>quaecunque</strong></span> <span class='ocrx_word' id='word_1_116' title='bbox 2047 792 2163 832; x_wconf 88' lang='lat' dir='ltr'><strong>huius</strong></span> 
     </span>
     <span class='ocr_line' id='line_1_12' title="bbox 167 853 1712 908; baseline -0.001 -14"><span class='ocrx_word' id='word_1_117' title='bbox 167 868 282 894; x_wconf 87' lang='lat' dir='ltr'><strong>casus</strong></span> <span class='ocrx_word' id='word_1_118' title='bbox 309 854 491 908; x_wconf 84' lang='lat' dir='ltr'><strong>exempla</strong></span> <span class='ocrx_word' id='word_1_119' title='bbox 520 854 621 908; x_wconf 86' lang='lat' dir='ltr'><strong>apud</strong></span> <span class='ocrx_word' id='word_1_120' title='bbox 649 853 760 893; x_wconf 86' lang='lat' dir='ltr'><strong>illum</strong></span> <span class='ocrx_word' id='word_1_121' title='bbox 787 853 969 904; x_wconf 83' lang='lat' dir='ltr'><strong>leguntur</strong></span> <span class='ocrx_word' id='word_1_122' title='bbox 995 862 1205 904; x_wconf 76' lang='lat' dir='ltr'><strong>enumerat,</strong></span> <span class='ocrx_word' id='word_1_123' title='bbox 1235 853 1501 894; x_wconf 84' lang='lat' dir='ltr'><strong>memorabilia</strong></span> <span class='ocrx_word' id='word_1_124' title='bbox 1528 853 1712 908; x_wconf 87' lang='lat' dir='ltr'><strong>explicat.</strong></span> 
     </span>
    </p>

    <p class='ocr_par' dir='ltr' id='par_1_4' title="bbox 162 915 2164 1962">
     <span class='ocr_line' id='line_1_13' title="bbox 360 915 2163 969; baseline 0 -14"><span class='ocrx_word' id='word_1_125' title='bbox 360 916 446 956; x_wconf 84' lang='lat' dir='ltr'><strong>lam</strong></span> <span class='ocrx_word' id='word_1_126' title='bbox 472 930 569 955; x_wconf 85' lang='lat' dir='ltr'><strong>vero</strong></span> <span class='ocrx_word' id='word_1_127' title='bbox 595 930 714 968; x_wconf 88' lang='lat' dir='ltr'><strong>quum</strong></span> <span class='ocrx_word' id='word_1_128' title='bbox 747 915 789 953; x_wconf 87' lang='lat' dir='ltr'><strong>in</strong></span> <span class='ocrx_word' id='word_1_129' title='bbox 817 929 863 953; x_wconf 89' lang='lat' dir='ltr'><strong>eo</strong></span> <span class='ocrx_word' id='word_1_130' title='bbox 897 929 1017 954; x_wconf 87' lang='lat' dir='ltr'><strong>essem</strong></span> <span class='ocrx_word' id='word_1_131' title='bbox 1045 923 1084 952; x_wconf 91' lang='lat' dir='ltr'><strong>ut</strong></span> <span class='ocrx_word' id='word_1_132' title='bbox 1108 928 1180 954; x_wconf 91' lang='lat' dir='ltr'><strong>suo</strong></span> <span class='ocrx_word' id='word_1_133' title='bbox 1214 916 1350 955; x_wconf 81' lang='lat' dir='ltr'><strong>ordine</strong></span> <span class='ocrx_word' id='word_1_134' title='bbox 1382 916 1597 967; x_wconf 84' lang='lat' dir='ltr'><strong>digererem</strong></span> <span class='ocrx_word' id='word_1_135' title='bbox 1630 930 1728 969; x_wconf 90' lang='lat' dir='ltr'><strong>quae</strong></span> <span class='ocrx_word' id='word_1_136' title='bbox 1754 915 1933 968; x_wconf 87' lang='lat' dir='ltr'><strong>exempla</strong></span> <span class='ocrx_word' id='word_1_137' title='bbox 1964 920 2163 956; x_wconf 88' lang='lat' dir='ltr'><strong>tractanda</strong></span> 
     </span>
     <span class='ocr_line' id='line_1_14' title="bbox 172 976 2164 1032; baseline 0 -14"><span class='ocrx_word' id='word_1_138' title='bbox 172 979 476 1032; x_wconf 84' lang='lat' dir='ltr'><strong>excerpsissem:</strong></span> <span class='ocrx_word' id='word_1_139' title='bbox 505 978 545 1017; x_wconf 82' lang='lat' dir='ltr'><strong>id</strong></span> <span class='ocrx_word' id='word_1_140' title='bbox 572 977 659 1017; x_wconf 86' lang='lat' dir='ltr'><strong>fleri</strong></span> <span class='ocrx_word' id='word_1_141' title='bbox 686 992 763 1016; x_wconf 91' lang='lat' dir='ltr'><strong>non</strong></span> <span class='ocrx_word' id='word_1_142' title='bbox 792 992 903 1030; x_wconf 90' lang='lat' dir='ltr'><strong>posse</strong></span> <span class='ocrx_word' id='word_1_143' title='bbox 931 976 1042 1016; x_wconf 84' lang='lat' dir='ltr'><strong>aliter</strong></span> <span class='ocrx_word' id='word_1_144' title='bbox 1067 976 1285 1028; x_wconf 84' lang='lat' dir='ltr'><strong>credebam,</strong></span> <span class='ocrx_word' id='word_1_145' title='bbox 1312 993 1426 1030; x_wconf 88' lang='lat' dir='ltr'><strong>quam</strong></span> <span class='ocrx_word' id='word_1_146' title='bbox 1455 978 1487 1017; x_wconf 94' lang='lat' dir='ltr'><strong>si</strong></span> <span class='ocrx_word' id='word_1_147' title='bbox 1515 978 1728 1017; x_wconf 84' lang='lat' dir='ltr'><strong>doctrinam</strong></span> <span class='ocrx_word' id='word_1_148' title='bbox 1754 976 2051 1029; x_wconf 84' lang='lat' dir='ltr'><strong>grammaticam</strong></span> <span class='ocrx_word' id='word_1_149' title='bbox 2077 978 2164 1018; x_wconf 85' lang='lat' dir='ltr'><strong>lati·</strong></span> 
     </span>
     <span class='ocr_line' id='line_1_15' title="bbox 172 1037 2164 1093; baseline 0.001 -14"><span class='ocrx_word' id='word_1_150' title='bbox 172 1054 269 1079; x_wconf 90' lang='lat' dir='ltr'><strong>nam</strong></span> <span class='ocrx_word' id='word_1_151' title='bbox 297 1041 346 1080; x_wconf 90' lang='lat' dir='ltr'><strong>ab</strong></span> <span class='ocrx_word' id='word_1_152' title='bbox 375 1039 437 1079; x_wconf 89' lang='lat' dir='ltr'><strong>lll.</strong></span> <span class='ocrx_word' id='word_1_153' title='bbox 463 1039 510 1081; x_wconf 86' lang='lat' dir='ltr'><strong>F.</strong></span> <span class='ocrx_word' id='word_1_154' title='bbox 529 1038 662 1079; x_wconf 86' lang='lat' dir='ltr'><strong>Haase</strong></span> <span class='ocrx_word' id='word_1_155' title='bbox 688 1047 936 1092; x_wconf 85' lang='lat' dir='ltr'><strong>praeceptore</strong></span> <span class='ocrx_word' id='word_1_156' title='bbox 963 1037 1210 1079; x_wconf 87' lang='lat' dir='ltr'><strong>dilectissimo</strong></span> <span class='ocrx_word' id='word_1_157' title='bbox 1236 1039 1417 1079; x_wconf 85' lang='lat' dir='ltr'><strong>traditam</strong></span> <span class='ocrx_word' id='word_1_158' title='bbox 1437 1054 1639 1093; x_wconf 83' lang='lat' dir='ltr'><strong>sequerer3</strong></span> <span class='ocrx_word' id='word_1_159' title='bbox 1667 1049 1703 1079; x_wconf 88' lang='lat' dir='ltr'><strong>et</strong></span> <span class='ocrx_word' id='word_1_160' title='bbox 1729 1039 1829 1092; x_wconf 90' lang='lat' dir='ltr'><strong>qnod</strong></span> <span class='ocrx_word' id='word_1_161' title='bbox 1857 1038 1924 1078; x_wconf 86' lang='lat' dir='ltr'><strong>illo</strong></span> <span class='ocrx_word' id='word_1_162' title='bbox 1952 1038 2076 1079; x_wconf 85' lang='lat' dir='ltr'><strong>invito</strong></span> <span class='ocrx_word' id='word_1_163' title='bbox 2103 1040 2164 1080; x_wconf 84' lang='lat' dir='ltr'><strong>fa-</strong></span> 
     </span>
     <span class='ocr_line' id='line_1_16' title="bbox 167 1101 2164 1156; baseline 0 -13"><span class='ocrx_word' id='word_1_164' title='bbox 167 1118 256 1143; x_wconf 89' lang='lat' dir='ltr'><strong>cere</strong></span> <span class='ocrx_word' id='word_1_165' title='bbox 284 1119 363 1142; x_wconf 91' lang='lat' dir='ltr'><strong>non</strong></span> <span class='ocrx_word' id='word_1_166' title='bbox 389 1103 544 1151; x_wconf 88' lang='lat' dir='ltr'><strong>licebat,</strong></span> <span class='ocrx_word' id='word_1_167' title='bbox 573 1103 653 1142; x_wconf 90' lang='lat' dir='ltr'><strong>iam</strong></span> <span class='ocrx_word' id='word_1_168' title='bbox 682 1102 938 1141; x_wconf 84' lang='lat' dir='ltr'><strong>libentissime</strong></span> <span class='ocrx_word' id='word_1_169' title='bbox 965 1104 1196 1155; x_wconf 84' lang='lat' dir='ltr'><strong>perpetravi,</strong></span> <span class='ocrx_word' id='word_1_170' title='bbox 1225 1102 1277 1142; x_wconf 88' lang='lat' dir='ltr'><strong>V.</strong></span> <span class='ocrx_word' id='word_1_171' title='bbox 1296 1102 1358 1143; x_wconf 80' lang='lat' dir='ltr'><strong>cl.</strong></span> <span class='ocrx_word' id='word_1_172' title='bbox 1385 1103 1620 1156; x_wconf 88' lang='lat' dir='ltr'><strong>lepidissime</strong></span> <span class='ocrx_word' id='word_1_173' title='bbox 1648 1103 1840 1141; x_wconf 87' lang='lat' dir='ltr'><strong>adnuente</strong></span> <span class='ocrx_word' id='word_1_174' title='bbox 1866 1111 1903 1141; x_wconf 90' lang='lat' dir='ltr'><strong>et</strong></span> <span class='ocrx_word' id='word_1_175' title='bbox 1929 1101 2164 1143; x_wconf 83' lang='lat' dir='ltr'><strong>comissime.</strong></span> 
     </span>
     <span class='ocr_line' id='line_1_17' title="bbox 171 1162 2162 1216; baseline -0.001 -12"><span class='ocrx_word' id='word_1_176' title='bbox 171 1163 277 1216; x_wconf 82' lang='lat' dir='ltr'><strong>Quid</strong></span> <span class='ocrx_word' id='word_1_177' title='bbox 305 1173 434 1205; x_wconf 88' lang='lat' dir='ltr'><strong>autem</strong></span> <span class='ocrx_word' id='word_1_178' title='bbox 464 1165 501 1206; x_wconf 78' lang='lat' dir='ltr'><strong>h.</strong></span> <span class='ocrx_word' id='word_1_179' title='bbox 527 1165 555 1205; x_wconf 91' lang='lat' dir='ltr'><strong>l.</strong></span> <span class='ocrx_word' id='word_1_180' title='bbox 586 1164 729 1204; x_wconf 89' lang='lat' dir='ltr'><strong>Virum</strong></span> <span class='ocrx_word' id='word_1_181' title='bbox 757 1162 917 1204; x_wconf 71' lang='lat' dir='ltr'><strong>Clarias.</strong></span> <span class='ocrx_word' id='word_1_182' title='bbox 945 1164 1119 1204; x_wconf 86' lang='lat' dir='ltr'><strong>laudibus</strong></span> <span class='ocrx_word' id='word_1_183' title='bbox 1145 1164 1294 1216; x_wconf 89' lang='lat' dir='ltr'><strong>tollam,</strong></span> <span class='ocrx_word' id='word_1_184' title='bbox 1322 1164 1431 1204; x_wconf 89' lang='lat' dir='ltr'><strong>ciuus</strong></span> <span class='ocrx_word' id='word_1_185' title='bbox 1457 1164 1614 1204; x_wconf 87' lang='lat' dir='ltr'><strong>editoris</strong></span> <span class='ocrx_word' id='word_1_186' title='bbox 1641 1164 1861 1204; x_wconf 87' lang='lat' dir='ltr'><strong>scholarum</strong></span> <span class='ocrx_word' id='word_1_187' title='bbox 1888 1162 2162 1215; x_wconf 87' lang='lat' dir='ltr'><strong>grammatica-</strong></span> 
     </span>
     <span class='ocr_line' id='line_1_18' title="bbox 168 1225 2161 1280; baseline 0 -15"><span class='ocrx_word' id='word_1_188' title='bbox 168 1242 257 1265; x_wconf 90' lang='lat' dir='ltr'><strong>rum</strong></span> <span class='ocrx_word' id='word_1_189' title='bbox 285 1241 308 1264; x_wconf 93' lang='lat' dir='ltr'><strong>a</strong></span> <span class='ocrx_word' id='word_1_190' title='bbox 335 1226 515 1277; x_wconf 86' lang='lat' dir='ltr'><strong>Reisigio</strong></span> <span class='ocrx_word' id='word_1_191' title='bbox 542 1227 764 1265; x_wconf 86' lang='lat' dir='ltr'><strong>habitarum</strong></span> <span class='ocrx_word' id='word_1_192' title='bbox 794 1227 933 1266; x_wconf 86' lang='lat' dir='ltr'><strong>merita</strong></span> <span class='ocrx_word' id='word_1_193' title='bbox 957 1228 1004 1266; x_wconf 89' lang='lat' dir='ltr'><strong>de</strong></span> <span class='ocrx_word' id='word_1_194' title='bbox 1030 1227 1280 1277; x_wconf 86' lang='lat' dir='ltr'><strong>grammatica</strong></span> <span class='ocrx_word' id='word_1_195' title='bbox 1306 1227 1510 1280; x_wconf 89' lang='lat' dir='ltr'><strong>disciplina</strong></span> <span class='ocrx_word' id='word_1_196' title='bbox 1537 1227 1656 1265; x_wconf 80' lang='lat' dir='ltr'><strong>latina</strong></span> <span class='ocrx_word' id='word_1_197' title='bbox 1683 1227 1725 1264; x_wconf 87' lang='lat' dir='ltr'><strong>in</strong></span> <span class='ocrx_word' id='word_1_198' title='bbox 1753 1227 1928 1265; x_wconf 90' lang='lat' dir='ltr'><strong>omnium</strong></span> <span class='ocrx_word' id='word_1_199' title='bbox 1955 1225 2086 1265; x_wconf 89' lang='lat' dir='ltr'><strong>animo</strong></span> <span class='ocrx_word' id='word_1_200' title='bbox 2105 1235 2161 1265; x_wconf 87' lang='lat' dir='ltr'><strong>at-</strong></span> 
     </span>
     <span class='ocr_line' id='line_1_19' title="bbox 164 1287 2162 1340; baseline -0.001 -13"><span class='ocrx_word' id='word_1_201' title='bbox 164 1303 239 1340; x_wconf 92' lang='lat' dir='ltr'><strong>que</strong></span> <span class='ocrx_word' id='word_1_202' title='bbox 266 1303 334 1327; x_wconf 89' lang='lat' dir='ltr'><strong>ore</strong></span> <span class='ocrx_word' id='word_1_203' title='bbox 361 1288 470 1328; x_wconf 84' lang='lat' dir='ltr'><strong>sint?</strong></span> <span class='ocrx_word' id='word_1_204' title='bbox 501 1287 564 1328; x_wconf 91' lang='lat' dir='ltr'><strong>De</strong></span> <span class='ocrx_word' id='word_1_205' title='bbox 591 1302 637 1327; x_wconf 90' lang='lat' dir='ltr'><strong>eo</strong></span> <span class='ocrx_word' id='word_1_206' title='bbox 666 1297 793 1328; x_wconf 88' lang='lat' dir='ltr'><strong>autem</strong></span> <span class='ocrx_word' id='word_1_207' title='bbox 822 1287 992 1328; x_wconf 89' lang='lat' dir='ltr'><strong>breviter</strong></span> <span class='ocrx_word' id='word_1_208' title='bbox 1018 1287 1111 1327; x_wconf 79' lang='lat' dir='ltr'><strong>mihi</strong></span> <span class='ocrx_word' id='word_1_209' title='bbox 1128 1288 1336 1328; x_wconf 89' lang='lat' dir='ltr'><strong>dicendum</strong></span> <span class='ocrx_word' id='word_1_210' title='bbox 1367 1303 1449 1329; x_wconf 90' lang='lat' dir='ltr'><strong>esse</strong></span> <span class='ocrx_word' id='word_1_211' title='bbox 1477 1288 1668 1336; x_wconf 87' lang='lat' dir='ltr'><strong>videatur,</strong></span> <span class='ocrx_word' id='word_1_212' title='bbox 1696 1303 1766 1327; x_wconf 87' lang='lat' dir='ltr'><strong>cnr</strong></span> <span class='ocrx_word' id='word_1_213' title='bbox 1791 1288 1832 1327; x_wconf 89' lang='lat' dir='ltr'><strong>in</strong></span> <span class='ocrx_word' id='word_1_214' title='bbox 1851 1287 2008 1327; x_wconf 88' lang='lat' dir='ltr'><strong>edendis</strong></span> <span class='ocrx_word' id='word_1_215' title='bbox 2026 1301 2162 1326; x_wconf 86' lang='lat' dir='ltr'><strong>exem-</strong></span> 
     </span>
     <span class='ocr_line' id='line_1_20' title="bbox 165 1348 2161 1403; baseline -0.001 -15"><span class='ocrx_word' id='word_1_216' title='bbox 165 1348 244 1403; x_wconf 82' lang='lat' dir='ltr'><strong>plis</strong></span> <span class='ocrx_word' id='word_1_217' title='bbox 280 1350 447 1400; x_wconf 84' lang='lat' dir='ltr'><strong>genitivi</strong></span> <span class='ocrx_word' id='word_1_218' title='bbox 475 1364 585 1389; x_wconf 87' lang='lat' dir='ltr'><strong>casus</strong></span> <span class='ocrx_word' id='word_1_219' title='bbox 625 1350 726 1403; x_wconf 90' lang='lat' dir='ltr'><strong>apud</strong></span> <span class='ocrx_word' id='word_1_220' title='bbox 754 1349 988 1389; x_wconf 86' lang='lat' dir='ltr'><strong>Terentium</strong></span> <span class='ocrx_word' id='word_1_221' title='bbox 1029 1348 1172 1389; x_wconf 89' lang='lat' dir='ltr'><strong>maiore</strong></span> <span class='ocrx_word' id='word_1_222' title='bbox 1211 1365 1299 1389; x_wconf 87' lang='lat' dir='ltr'><strong>cum</strong></span> <span class='ocrx_word' id='word_1_223' title='bbox 1339 1350 1540 1402; x_wconf 85' lang='lat' dir='ltr'><strong>diligentia</strong></span> <span class='ocrx_word' id='word_1_224' title='bbox 1577 1359 1721 1389; x_wconf 86' lang='lat' dir='ltr'><strong>certam</strong></span> <span class='ocrx_word' id='word_1_225' title='bbox 1753 1350 1946 1402; x_wconf 89' lang='lat' dir='ltr'><strong>quandam</strong></span> <span class='ocrx_word' id='word_1_226' title='bbox 1971 1348 2161 1387; x_wconf 88' lang='lat' dir='ltr'><strong>rationem</strong></span> 
     </span>
     <span class='ocr_line' id='line_1_21' title="bbox 171 1411 2161 1465; baseline 0 -16"><span class='ocrx_word' id='word_1_227' title='bbox 171 1420 287 1463; x_wconf 89' lang='lat' dir='ltr'><strong>atque</strong></span> <span class='ocrx_word' id='word_1_228' title='bbox 313 1411 419 1451; x_wconf 88' lang='lat' dir='ltr'><strong>viam</strong></span> <span class='ocrx_word' id='word_1_229' title='bbox 446 1411 676 1464; x_wconf 87' lang='lat' dir='ltr'><strong>disciplinae</strong></span> <span class='ocrx_word' id='word_1_230' title='bbox 703 1411 809 1451; x_wconf 90' lang='lat' dir='ltr'><strong>illius</strong></span> <span class='ocrx_word' id='word_1_231' title='bbox 836 1411 1116 1464; x_wconf 84' lang='lat' dir='ltr'><strong>requisiverim.</strong></span> <span class='ocrx_word' id='word_1_232' title='bbox 1165 1413 1257 1452; x_wconf 86' lang='lat' dir='ltr'><strong>Alia</strong></span> <span class='ocrx_word' id='word_1_233' title='bbox 1288 1422 1392 1452; x_wconf 89' lang='lat' dir='ltr'><strong>aetas</strong></span> <span class='ocrx_word' id='word_1_234' title='bbox 1417 1413 1485 1452; x_wconf 89' lang='lat' dir='ltr'><strong>alii</strong></span> <span class='ocrx_word' id='word_1_235' title='bbox 1510 1412 1673 1452; x_wconf 89' lang='lat' dir='ltr'><strong>inservit</strong></span> <span class='ocrx_word' id='word_1_236' title='bbox 1699 1411 2030 1465; x_wconf 83' lang='lat' dir='ltr'><strong>interpretatioui3</strong></span> <span class='ocrx_word' id='word_1_237' title='bbox 2059 1411 2161 1463; x_wconf 87' lang='lat' dir='ltr'><strong>qnod</strong></span> 
     </span>
     <span class='ocr_line' id='line_1_22' title="bbox 165 1472 2163 1527; baseline -0.001 -16"><span class='ocrx_word' id='word_1_238' title='bbox 165 1472 209 1512; x_wconf 89' lang='lat' dir='ltr'><strong>in</strong></span> <span class='ocrx_word' id='word_1_239' title='bbox 236 1474 352 1512; x_wconf 86' lang='lat' dir='ltr'><strong>rebus</strong></span> <span class='ocrx_word' id='word_1_240' title='bbox 377 1474 545 1527; x_wconf 84' lang='lat' dir='ltr'><strong>publicis</strong></span> <span class='ocrx_word' id='word_1_241' title='bbox 571 1482 608 1513; x_wconf 87' lang='lat' dir='ltr'><strong>et</strong></span> <span class='ocrx_word' id='word_1_242' title='bbox 635 1474 811 1527; x_wconf 80' lang='lat' dir='ltr'><strong>profanis</strong></span> <span class='ocrx_word' id='word_1_243' title='bbox 839 1482 877 1512; x_wconf 91' lang='lat' dir='ltr'><strong>et</strong></span> <span class='ocrx_word' id='word_1_244' title='bbox 903 1473 1021 1513; x_wconf 89' lang='lat' dir='ltr'><strong>sacris</strong></span> <span class='ocrx_word' id='word_1_245' title='bbox 1048 1482 1216 1525; x_wconf 89' lang='lat' dir='ltr'><strong>constat,</strong></span> <span class='ocrx_word' id='word_1_246' title='bbox 1244 1488 1322 1513; x_wconf 90' lang='lat' dir='ltr'><strong>non</strong></span> <span class='ocrx_word' id='word_1_247' title='bbox 1351 1474 1479 1514; x_wconf 90' lang='lat' dir='ltr'><strong>minus</strong></span> <span class='ocrx_word' id='word_1_248' title='bbox 1506 1473 1730 1513; x_wconf 87' lang='lat' dir='ltr'><strong>conceditur</strong></span> <span class='ocrx_word' id='word_1_249' title='bbox 1765 1474 1812 1513; x_wconf 89' lang='lat' dir='ltr'><strong>de</strong></span> <span class='ocrx_word' id='word_1_250' title='bbox 1844 1473 2003 1524; x_wconf 84' lang='lat' dir='ltr'><strong>linguae</strong></span> <span class='ocrx_word' id='word_1_251' title='bbox 2027 1472 2163 1510; x_wconf 88' lang='lat' dir='ltr'><strong>aetati-</strong></span> 
     </span>
     <span class='ocr_line' id='line_1_23' title="bbox 170 1533 2162 1588; baseline -0.001 -14"><span class='ocrx_word' id='word_1_252' title='bbox 170 1535 252 1575; x_wconf 82' lang='lat' dir='ltr'><strong>bus.</strong></span> <span class='ocrx_word' id='word_1_253' title='bbox 309 1534 400 1586; x_wconf 84' lang='lat' dir='ltr'><strong>Qua</strong></span> <span class='ocrx_word' id='word_1_254' title='bbox 441 1550 483 1575; x_wconf 89' lang='lat' dir='ltr'><strong>re</strong></span> <span class='ocrx_word' id='word_1_255' title='bbox 517 1535 550 1574; x_wconf 90' lang='lat' dir='ltr'><strong>si</strong></span> <span class='ocrx_word' id='word_1_256' title='bbox 589 1535 676 1586; x_wconf 90' lang='lat' dir='ltr'><strong>quis</strong></span> <span class='ocrx_word' id='word_1_257' title='bbox 716 1550 829 1575; x_wconf 90' lang='lat' dir='ltr'><strong>nsum</strong></span> <span class='ocrx_word' id='word_1_258' title='bbox 860 1536 1048 1588; x_wconf 88' lang='lat' dir='ltr'><strong>quendam</strong></span> <span class='ocrx_word' id='word_1_259' title='bbox 1076 1535 1265 1576; x_wconf 88' lang='lat' dir='ltr'><strong>sermonis</strong></span> <span class='ocrx_word' id='word_1_260' title='bbox 1292 1535 1440 1575; x_wconf 87' lang='lat' dir='ltr'><strong>ratione</strong></span> <span class='ocrx_word' id='word_1_261' title='bbox 1457 1535 1585 1575; x_wconf 88' lang='lat' dir='ltr'><strong>habita</strong></span> <span class='ocrx_word' id='word_1_262' title='bbox 1611 1535 1694 1575; x_wconf 86' lang='lat' dir='ltr'><strong>eius</strong></span> <span class='ocrx_word' id='word_1_263' title='bbox 1721 1535 1856 1575; x_wconf 87' lang='lat' dir='ltr'><strong>aetatis</strong></span> <span class='ocrx_word' id='word_1_264' title='bbox 1883 1533 1994 1574; x_wconf 88' lang='lat' dir='ltr'><strong>cuius</strong></span> <span class='ocrx_word' id='word_1_265' title='bbox 2019 1534 2085 1573; x_wconf 89' lang='lat' dir='ltr'><strong>ille</strong></span> <span class='ocrx_word' id='word_1_266' title='bbox 2104 1542 2162 1573; x_wconf 85' lang='lat' dir='ltr'><strong>est</strong></span> 
     </span>
     <span class='ocr_line' id='line_1_24' title="bbox 169 1594 2162 1651; baseline 0 -16"><span class='ocrx_word' id='word_1_267' title='bbox 169 1596 371 1650; x_wconf 87' lang='lat' dir='ltr'><strong>explicare</strong></span> <span class='ocrx_word' id='word_1_268' title='bbox 391 1596 545 1650; x_wconf 87' lang='lat' dir='ltr'><strong>nequit:</strong></span> <span class='ocrx_word' id='word_1_269' title='bbox 586 1605 653 1636; x_wconf 90' lang='lat' dir='ltr'><strong>aut</strong></span> <span class='ocrx_word' id='word_1_270' title='bbox 679 1597 770 1650; x_wconf 89' lang='lat' dir='ltr'><strong>quid</strong></span> <span class='ocrx_word' id='word_1_271' title='bbox 805 1605 915 1637; x_wconf 90' lang='lat' dir='ltr'><strong>antea</strong></span> <span class='ocrx_word' id='word_1_272' title='bbox 952 1596 1017 1636; x_wconf 87' lang='lat' dir='ltr'><strong>ille</strong></span> <span class='ocrx_word' id='word_1_273' title='bbox 1042 1597 1318 1650; x_wconf 83' lang='lat' dir='ltr'><strong>significaverit</strong></span> <span class='ocrx_word' id='word_1_274' title='bbox 1353 1607 1419 1637; x_wconf 90' lang='lat' dir='ltr'><strong>aut</strong></span> <span class='ocrx_word' id='word_1_275' title='bbox 1446 1611 1542 1651; x_wconf 86' lang='lat' dir='ltr'><strong>qnae</strong></span> <span class='ocrx_word' id='word_1_276' title='bbox 1568 1597 1644 1637; x_wconf 89' lang='lat' dir='ltr'><strong>alia</strong></span> <span class='ocrx_word' id='word_1_277' title='bbox 1673 1606 1796 1636; x_wconf 86' lang='lat' dir='ltr'><strong>aetate</strong></span> <span class='ocrx_word' id='word_1_278' title='bbox 1823 1610 1892 1650; x_wconf 88' lang='lat' dir='ltr'><strong>pro</strong></span> <span class='ocrx_word' id='word_1_279' title='bbox 1919 1595 1987 1634; x_wconf 88' lang='lat' dir='ltr'><strong>illo</strong></span> <span class='ocrx_word' id='word_1_280' title='bbox 2014 1594 2162 1635; x_wconf 82' lang='lat' dir='ltr'><strong>fuerint</strong></span> 
     </span>
     <span class='ocr_line' id='line_1_25' title="bbox 170 1656 2161 1713; baseline -0.001 -15"><span class='ocrx_word' id='word_1_281' title='bbox 170 1658 310 1698; x_wconf 86' lang='lat' dir='ltr'><strong>usitata</strong></span> <span class='ocrx_word' id='word_1_282' title='bbox 338 1660 502 1711; x_wconf 88' lang='lat' dir='ltr'><strong>quaerit.</strong></span> <span class='ocrx_word' id='word_1_283' title='bbox 558 1658 613 1699; x_wconf 89' lang='lat' dir='ltr'><strong>Ut</strong></span> <span class='ocrx_word' id='word_1_284' title='bbox 640 1659 760 1711; x_wconf 85' lang='lat' dir='ltr'><strong>igitur</strong></span> <span class='ocrx_word' id='word_1_285' title='bbox 788 1659 1075 1712; x_wconf 85' lang='lat' dir='ltr'><strong>antiquissimus</strong></span> <span class='ocrx_word' id='word_1_286' title='bbox 1101 1660 1263 1713; x_wconf 89' lang='lat' dir='ltr'><strong>quisque</strong></span> <span class='ocrx_word' id='word_1_287' title='bbox 1290 1660 1455 1713; x_wconf 86' lang='lat' dir='ltr'><strong>scriptor</strong></span> <span class='ocrx_word' id='word_1_288' title='bbox 1487 1660 1581 1710; x_wconf 81' lang='lat' dir='ltr'><strong>suit,</strong></span> <span class='ocrx_word' id='word_1_289' title='bbox 1620 1659 1675 1699; x_wconf 89' lang='lat' dir='ltr'><strong>ita</strong></span> <span class='ocrx_word' id='word_1_290' title='bbox 1700 1659 1870 1699; x_wconf 88' lang='lat' dir='ltr'><strong>sermoni</strong></span> <span class='ocrx_word' id='word_1_291' title='bbox 1901 1656 2161 1711; x_wconf 88' lang='lat' dir='ltr'><strong>posteriorum</strong></span> 
     </span>
     <span class='ocr_line' id='line_1_26' title="bbox 166 1718 2161 1776; baseline -0.001 -16"><span class='ocrx_word' id='word_1_292' title='bbox 166 1729 337 1760; x_wconf 86' lang='lat' dir='ltr'><strong>aetatum</strong></span> <span class='ocrx_word' id='word_1_293' title='bbox 365 1722 636 1773; x_wconf 85' lang='lat' dir='ltr'><strong>cognoscendo</strong></span> <span class='ocrx_word' id='word_1_294' title='bbox 662 1730 774 1775; x_wconf 92' lang='lat' dir='ltr'><strong>atque</strong></span> <span class='ocrx_word' id='word_1_295' title='bbox 801 1721 1051 1773; x_wconf 86' lang='lat' dir='ltr'><strong>intelligendo</strong></span> <span class='ocrx_word' id='word_1_296' title='bbox 1074 1722 1301 1763; x_wconf 88' lang='lat' dir='ltr'><strong>utilissimus</strong></span> <span class='ocrx_word' id='word_1_297' title='bbox 1328 1731 1407 1774; x_wconf 89' lang='lat' dir='ltr'><strong>est,</strong></span> <span class='ocrx_word' id='word_1_298' title='bbox 1445 1737 1569 1776; x_wconf 89' lang='lat' dir='ltr'><strong>neque</strong></span> <span class='ocrx_word' id='word_1_299' title='bbox 1608 1721 1721 1761; x_wconf 88' lang='lat' dir='ltr'><strong>aliter</strong></span> <span class='ocrx_word' id='word_1_300' title='bbox 1746 1735 1822 1774; x_wconf 91' lang='lat' dir='ltr'><strong>qno</strong></span> <span class='ocrx_word' id='word_1_301' title='bbox 1847 1719 2008 1774; x_wconf 88' lang='lat' dir='ltr'><strong>propius</strong></span> <span class='ocrx_word' id='word_1_302' title='bbox 2043 1718 2161 1759; x_wconf 85' lang='lat' dir='ltr'><strong>homo</strong></span> 
     </span>
     <span class='ocr_line' id='line_1_27' title="bbox 162 1783 2160 1837; baseline -0.001 -16"><span class='ocrx_word' id='word_1_303' title='bbox 162 1784 443 1834; x_wconf 84' lang='lat' dir='ltr'><strong>grammaticus</strong></span> <span class='ocrx_word' id='word_1_304' title='bbox 466 1784 514 1822; x_wconf 92' lang='lat' dir='ltr'><strong>ad</strong></span> <span class='ocrx_word' id='word_1_305' title='bbox 543 1784 690 1837; x_wconf 88' lang='lat' dir='ltr'><strong>primos</strong></span> <span class='ocrx_word' id='word_1_306' title='bbox 717 1783 876 1834; x_wconf 76' lang='lat' dir='ltr'><strong>linguae</strong></span> <span class='ocrx_word' id='word_1_307' title='bbox 901 1784 1027 1822; x_wconf 88' lang='lat' dir='ltr'><strong>fontes</strong></span> <span class='ocrx_word' id='word_1_308' title='bbox 1052 1784 1210 1825; x_wconf 83' lang='lat' dir='ltr'><strong>accessit</strong></span> <span class='ocrx_word' id='word_1_309' title='bbox 1236 1799 1282 1823; x_wconf 89' lang='lat' dir='ltr'><strong>ac</strong></span> <span class='ocrx_word' id='word_1_310' title='bbox 1307 1799 1383 1836; x_wconf 91' lang='lat' dir='ltr'><strong>quo</strong></span> <span class='ocrx_word' id='word_1_311' title='bbox 1410 1784 1591 1823; x_wconf 89' lang='lat' dir='ltr'><strong>attentius</strong></span> <span class='ocrx_word' id='word_1_312' title='bbox 1608 1798 1764 1823; x_wconf 87' lang='lat' dir='ltr'><strong>cursum</strong></span> <span class='ocrx_word' id='word_1_313' title='bbox 1791 1791 1942 1821; x_wconf 85' lang='lat' dir='ltr'><strong>secutus</strong></span> <span class='ocrx_word' id='word_1_314' title='bbox 1969 1790 2046 1830; x_wconf 87' lang='lat' dir='ltr'><strong>est,</strong></span> <span class='ocrx_word' id='word_1_315' title='bbox 2084 1795 2160 1832; x_wconf 88' lang='lat' dir='ltr'><strong>quo</strong></span> 
     </span>
     <span class='ocr_line' id='line_1_28' title="bbox 164 1842 2160 1901; baseline 0.001 -18"><span class='ocrx_word' id='word_1_316' title='bbox 164 1843 233 1884; x_wconf 86' lang='lat' dir='ltr'><strong>illa</strong></span> <span class='ocrx_word' id='word_1_317' title='bbox 261 1845 417 1900; x_wconf 87' lang='lat' dir='ltr'><strong>delapsa</strong></span> <span class='ocrx_word' id='word_1_318' title='bbox 444 1845 514 1887; x_wconf 89' lang='lat' dir='ltr'><strong>sit:</strong></span> <span class='ocrx_word' id='word_1_319' title='bbox 545 1860 591 1886; x_wconf 87' lang='lat' dir='ltr'><strong>eo</strong></span> <span class='ocrx_word' id='word_1_320' title='bbox 619 1845 807 1886; x_wconf 87' lang='lat' dir='ltr'><strong>eruditior</strong></span> <span class='ocrx_word' id='word_1_321' title='bbox 832 1846 899 1887; x_wconf 86' lang='lat' dir='ltr'><strong>ille</strong></span> <span class='ocrx_word' id='word_1_322' title='bbox 926 1845 1027 1901; x_wconf 88' lang='lat' dir='ltr'><strong>ipse,</strong></span> <span class='ocrx_word' id='word_1_323' title='bbox 1056 1862 1098 1888; x_wconf 88' lang='lat' dir='ltr'><strong>eo</strong></span> <span class='ocrx_word' id='word_1_324' title='bbox 1125 1846 1246 1888; x_wconf 88' lang='lat' dir='ltr'><strong>tutior</strong></span> <span class='ocrx_word' id='word_1_325' title='bbox 1281 1847 1448 1887; x_wconf 89' lang='lat' dir='ltr'><strong>aliorum</strong></span> <span class='ocrx_word' id='word_1_326' title='bbox 1475 1847 1557 1887; x_wconf 87' lang='lat' dir='ltr'><strong>dux</strong></span> <span class='ocrx_word' id='word_1_327' title='bbox 1585 1846 1697 1887; x_wconf 89' lang='lat' dir='ltr'><strong>debet</strong></span> <span class='ocrx_word' id='word_1_328' title='bbox 1724 1844 1873 1897; x_wconf 89' lang='lat' dir='ltr'><strong>videri,</strong></span> <span class='ocrx_word' id='word_1_329' title='bbox 1911 1842 2035 1899; x_wconf 90' lang='lat' dir='ltr'><strong>qualis</strong></span> <span class='ocrx_word' id='word_1_330' title='bbox 2062 1842 2160 1884; x_wconf 78' lang='lat' dir='ltr'><strong>mihi</strong></span> 
     </span>
     <span class='ocr_line' id='line_1_29' title="bbox 162 1908 925 1962; baseline 0.001 -16"><span class='ocrx_word' id='word_1_331' title='bbox 162 1908 271 1947; x_wconf 87' lang='lat' dir='ltr'><strong>visus</strong></span> <span class='ocrx_word' id='word_1_332' title='bbox 298 1917 355 1948; x_wconf 87' lang='lat' dir='ltr'><strong>est</strong></span> <span class='ocrx_word' id='word_1_333' title='bbox 382 1918 612 1962; x_wconf 88' lang='lat' dir='ltr'><strong>praeceptor</strong></span> <span class='ocrx_word' id='word_1_334' title='bbox 639 1909 925 1953; x_wconf 80' lang='lat' dir='ltr'><strong>dilectissimus.</strong></span> 
     </span>
    </p>

    <p class='ocr_par' dir='ltr' id='par_1_5' title="bbox 145 1970 2162 2837">
     <span class='ocr_line' id='line_1_30' title="bbox 352 1970 2160 2026; baseline 0.002 -16"><span class='ocrx_word' id='word_1_335' title='bbox 352 1970 459 2011; x_wconf 85' lang='lat' dir='ltr'><strong>luter</strong></span> <span class='ocrx_word' id='word_1_336' title='bbox 484 1986 596 2011; x_wconf 88' lang='lat' dir='ltr'><strong>casus</strong></span> <span class='ocrx_word' id='word_1_337' title='bbox 624 1971 794 2011; x_wconf 89' lang='lat' dir='ltr'><strong>nominis</strong></span> <span class='ocrx_word' id='word_1_338' title='bbox 821 1970 955 2011; x_wconf 84' lang='lat' dir='ltr'><strong>Latini</strong></span> <span class='ocrx_word' id='word_1_339' title='bbox 983 1971 1147 2012; x_wconf 84' lang='lat' dir='ltr'><strong>Romani</strong></span> <span class='ocrx_word' id='word_1_340' title='bbox 1173 1972 1391 2025; x_wconf 84' lang='lat' dir='ltr'><strong>genitivum</strong></span> <span class='ocrx_word' id='word_1_341' title='bbox 1419 1972 1544 2011; x_wconf 87' lang='lat' dir='ltr'><strong>solum</strong></span> <span class='ocrx_word' id='word_1_342' title='bbox 1567 1971 1620 2011; x_wconf 89' lang='lat' dir='ltr'><strong>ita</strong></span> <span class='ocrx_word' id='word_1_343' title='bbox 1646 1982 1905 2026; x_wconf 88' lang='lat' dir='ltr'><strong>usurparunt,</strong></span> <span class='ocrx_word' id='word_1_344' title='bbox 1932 1987 1975 2015; x_wconf 87' lang='lat' dir='ltr'><strong>ut</strong></span> <span class='ocrx_word' id='word_1_345' title='bbox 2001 1980 2160 2014; x_wconf 78' lang='lat' dir='ltr'><strong>nomina</strong></span> 
     </span>
     <span class='ocr_line' id='line_1_31' title="bbox 160 2032 2161 2089; baseline 0 -14"><span class='ocrx_word' id='word_1_346' title='bbox 160 2049 215 2075; x_wconf 90' lang='lat' dir='ltr'><strong>ex</strong></span> <span class='ocrx_word' id='word_1_347' title='bbox 244 2032 468 2073; x_wconf 85' lang='lat' dir='ltr'><strong>nominihus</strong></span> <span class='ocrx_word' id='word_1_348' title='bbox 493 2034 662 2087; x_wconf 86' lang='lat' dir='ltr'><strong>pendere</strong></span> <span class='ocrx_word' id='word_1_349' title='bbox 689 2033 926 2083; x_wconf 84' lang='lat' dir='ltr'><strong>indicarent3</strong></span> <span class='ocrx_word' id='word_1_350' title='bbox 962 2049 1076 2087; x_wconf 90' lang='lat' dir='ltr'><strong>quum</strong></span> <span class='ocrx_word' id='word_1_351' title='bbox 1114 2036 1273 2076; x_wconf 88' lang='lat' dir='ltr'><strong>nomina</strong></span> <span class='ocrx_word' id='word_1_352' title='bbox 1300 2049 1352 2074; x_wconf 90' lang='lat' dir='ltr'><strong>ex</strong></span> <span class='ocrx_word' id='word_1_353' title='bbox 1379 2034 1511 2076; x_wconf 85' lang='lat' dir='ltr'><strong>verbis</strong></span> <span class='ocrx_word' id='word_1_354' title='bbox 1541 2035 1747 2089; x_wconf 89' lang='lat' dir='ltr'><strong>pendentia</strong></span> <span class='ocrx_word' id='word_1_355' title='bbox 1775 2045 1839 2075; x_wconf 89' lang='lat' dir='ltr'><strong>aut</strong></span> <span class='ocrx_word' id='word_1_356' title='bbox 1872 2036 1913 2076; x_wconf 91' lang='lat' dir='ltr'><strong>in</strong></span> <span class='ocrx_word' id='word_1_357' title='bbox 1941 2036 2161 2077; x_wconf 88' lang='lat' dir='ltr'><strong>accusativo</strong></span> 
     </span>
     <span class='ocr_line' id='line_1_32' title="bbox 161 2096 2162 2149; baseline 0 -12"><span class='ocrx_word' id='word_1_358' title='bbox 161 2106 230 2137; x_wconf 91' lang='lat' dir='ltr'><strong>aut</strong></span> <span class='ocrx_word' id='word_1_359' title='bbox 258 2096 299 2135; x_wconf 93' lang='lat' dir='ltr'><strong>in</strong></span> <span class='ocrx_word' id='word_1_360' title='bbox 328 2096 457 2136; x_wconf 90' lang='lat' dir='ltr'><strong>dativo</strong></span> <span class='ocrx_word' id='word_1_361' title='bbox 497 2106 564 2135; x_wconf 89' lang='lat' dir='ltr'><strong>aut</strong></span> <span class='ocrx_word' id='word_1_362' title='bbox 603 2097 645 2135; x_wconf 88' lang='lat' dir='ltr'><strong>in</strong></span> <span class='ocrx_word' id='word_1_363' title='bbox 673 2096 846 2135; x_wconf 87' lang='lat' dir='ltr'><strong>ablativo</strong></span> <span class='ocrx_word' id='word_1_364' title='bbox 879 2107 1118 2149; x_wconf 88' lang='lat' dir='ltr'><strong>ponerentur.</strong></span> <span class='ocrx_word' id='word_1_365' title='bbox 1187 2098 1302 2137; x_wconf 89' lang='lat' dir='ltr'><strong>Duae</strong></span> <span class='ocrx_word' id='word_1_366' title='bbox 1340 2113 1403 2137; x_wconf 91' lang='lat' dir='ltr'><strong>res</strong></span> <span class='ocrx_word' id='word_1_367' title='bbox 1428 2099 1531 2137; x_wconf 88' lang='lat' dir='ltr'><strong>inter</strong></span> <span class='ocrx_word' id='word_1_368' title='bbox 1557 2112 1599 2137; x_wconf 90' lang='lat' dir='ltr'><strong>se</strong></span> <span class='ocrx_word' id='word_1_369' title='bbox 1631 2098 1784 2138; x_wconf 87' lang='lat' dir='ltr'><strong>iunctae</strong></span> <span class='ocrx_word' id='word_1_370' title='bbox 1810 2109 1876 2138; x_wconf 91' lang='lat' dir='ltr'><strong>ant</strong></span> <span class='ocrx_word' id='word_1_371' title='bbox 1901 2101 2022 2139; x_wconf 86' lang='lat' dir='ltr'><strong>altera</strong></span> <span class='ocrx_word' id='word_1_372' title='bbox 2049 2098 2162 2138; x_wconf 84' lang='lat' dir='ltr'><strong>alteri</strong></span> 
     </span>
     <span class='ocr_line' id='line_1_33' title="bbox 158 2156 2161 2214; baseline 0 -14"><span class='ocrx_word' id='word_1_373' title='bbox 158 2167 250 2200; x_wconf 86' lang='lat' dir='ltr'><strong>sunt</strong></span> <span class='ocrx_word' id='word_1_374' title='bbox 277 2156 473 2197; x_wconf 88' lang='lat' dir='ltr'><strong>subiectae</strong></span> <span class='ocrx_word' id='word_1_375' title='bbox 502 2158 591 2210; x_wconf 90' lang='lat' dir='ltr'><strong>quia</strong></span> <span class='ocrx_word' id='word_1_376' title='bbox 620 2158 693 2197; x_wconf 87' lang='lat' dir='ltr'><strong>hac</strong></span> <span class='ocrx_word' id='word_1_377' title='bbox 718 2157 886 2197; x_wconf 86' lang='lat' dir='ltr'><strong>inferior</strong></span> <span class='ocrx_word' id='word_1_378' title='bbox 911 2166 967 2197; x_wconf 89' lang='lat' dir='ltr'><strong>est</strong></span> <span class='ocrx_word' id='word_1_379' title='bbox 1000 2158 1064 2198; x_wconf 87' lang='lat' dir='ltr'><strong>illa</strong></span> <span class='ocrx_word' id='word_1_380' title='bbox 1095 2168 1162 2199; x_wconf 90' lang='lat' dir='ltr'><strong>aut</strong></span> <span class='ocrx_word' id='word_1_381' title='bbox 1198 2159 1287 2212; x_wconf 91' lang='lat' dir='ltr'><strong>quia</strong></span> <span class='ocrx_word' id='word_1_382' title='bbox 1329 2160 1432 2199; x_wconf 88' lang='lat' dir='ltr'><strong>inter</strong></span> <span class='ocrx_word' id='word_1_383' title='bbox 1470 2173 1510 2199; x_wconf 88' lang='lat' dir='ltr'><strong>se</strong></span> <span class='ocrx_word' id='word_1_384' title='bbox 1550 2168 1639 2199; x_wconf 88' lang='lat' dir='ltr'><strong>sunt</strong></span> <span class='ocrx_word' id='word_1_385' title='bbox 1665 2174 1777 2214; x_wconf 90' lang='lat' dir='ltr'><strong>pares</strong></span> <span class='ocrx_word' id='word_1_386' title='bbox 1803 2160 1879 2201; x_wconf 85' lang='lat' dir='ltr'><strong>sibi</strong></span> <span class='ocrx_word' id='word_1_387' title='bbox 1906 2160 2161 2211; x_wconf 83' lang='lat' dir='ltr'><strong>subiunctae3</strong></span> 
     </span>
     <span class='ocr_line' id='line_1_34' title="bbox 156 2220 2161 2276; baseline -0.001 -13"><span class='ocrx_word' id='word_1_388' title='bbox 156 2235 283 2275; x_wconf 86' lang='lat' dir='ltr'><strong>neque</strong></span> <span class='ocrx_word' id='word_1_389' title='bbox 310 2221 412 2260; x_wconf 88' lang='lat' dir='ltr'><strong>hanc</strong></span> <span class='ocrx_word' id='word_1_390' title='bbox 437 2221 599 2260; x_wconf 88' lang='lat' dir='ltr'><strong>alteram</strong></span> <span class='ocrx_word' id='word_1_391' title='bbox 627 2237 679 2260; x_wconf 84' lang='lat' dir='ltr'><strong>ex</strong></span> <span class='ocrx_word' id='word_1_392' title='bbox 707 2222 827 2260; x_wconf 89' lang='lat' dir='ltr'><strong>altera</strong></span> <span class='ocrx_word' id='word_1_393' title='bbox 855 2222 1022 2274; x_wconf 86' lang='lat' dir='ltr'><strong>pendere</strong></span> <span class='ocrx_word' id='word_1_394' title='bbox 1048 2232 1347 2263; x_wconf 85' lang='lat' dir='ltr'><strong>consentaneum</strong></span> <span class='ocrx_word' id='word_1_395' title='bbox 1385 2232 1454 2263; x_wconf 79' lang='lat' dir='ltr'><strong>est.</strong></span> <span class='ocrx_word' id='word_1_396' title='bbox 1518 2220 1595 2262; x_wconf 88' lang='lat' dir='ltr'><strong>Sed</strong></span> <span class='ocrx_word' id='word_1_397' title='bbox 1631 2222 1733 2263; x_wconf 88' lang='lat' dir='ltr'><strong>inter</strong></span> <span class='ocrx_word' id='word_1_398' title='bbox 1770 2239 1834 2263; x_wconf 89' lang='lat' dir='ltr'><strong>eas</strong></span> <span class='ocrx_word' id='word_1_399' title='bbox 1860 2239 1923 2263; x_wconf 88' lang='lat' dir='ltr'><strong>res</strong></span> <span class='ocrx_word' id='word_1_400' title='bbox 1960 2238 2058 2276; x_wconf 90' lang='lat' dir='ltr'><strong>quae</strong></span> <span class='ocrx_word' id='word_1_401' title='bbox 2085 2222 2161 2273; x_wconf 86' lang='lat' dir='ltr'><strong>sibi</strong></span> 
     </span>
     <span class='ocr_line' id='line_1_35' title="bbox 163 2282 2160 2338; baseline 0.002 -16"><span class='ocrx_word' id='word_1_402' title='bbox 163 2282 429 2338; x_wconf 86' lang='lat' dir='ltr'><strong>subjiciuntur</strong></span> <span class='ocrx_word' id='word_1_403' title='bbox 452 2291 519 2321; x_wconf 89' lang='lat' dir='ltr'><strong>aut</strong></span> <span class='ocrx_word' id='word_1_404' title='bbox 546 2296 590 2321; x_wconf 90' lang='lat' dir='ltr'><strong>ea</strong></span> <span class='ocrx_word' id='word_1_405' title='bbox 618 2283 717 2321; x_wconf 90' lang='lat' dir='ltr'><strong>ratio</strong></span> <span class='ocrx_word' id='word_1_406' title='bbox 746 2292 869 2335; x_wconf 88' lang='lat' dir='ltr'><strong>potest</strong></span> <span class='ocrx_word' id='word_1_407' title='bbox 897 2297 1004 2332; x_wconf 87' lang='lat' dir='ltr'><strong>esse,</strong></span> <span class='ocrx_word' id='word_1_408' title='bbox 1039 2295 1077 2323; x_wconf 85' lang='lat' dir='ltr'><strong>ut</strong></span> <span class='ocrx_word' id='word_1_409' title='bbox 1104 2294 1191 2323; x_wconf 88' lang='lat' dir='ltr'><strong>utra</strong></span> <span class='ocrx_word' id='word_1_410' title='bbox 1219 2283 1268 2323; x_wconf 88' lang='lat' dir='ltr'><strong>sit</strong></span> <span class='ocrx_word' id='word_1_411' title='bbox 1295 2293 1430 2323; x_wconf 87' lang='lat' dir='ltr'><strong>natura</strong></span> <span class='ocrx_word' id='word_1_412' title='bbox 1458 2284 1637 2337; x_wconf 86' lang='lat' dir='ltr'><strong>superior</strong></span> <span class='ocrx_word' id='word_1_413' title='bbox 1671 2285 1712 2324; x_wconf 91' lang='lat' dir='ltr'><strong>in</strong></span> <span class='ocrx_word' id='word_1_414' title='bbox 1740 2284 1993 2336; x_wconf 88' lang='lat' dir='ltr'><strong>grammatica</strong></span> <span class='ocrx_word' id='word_1_415' title='bbox 2020 2285 2160 2325; x_wconf 86' lang='lat' dir='ltr'><strong>verbo-</strong></span> 
     </span>
     <span class='ocr_line' id='line_1_36' title="bbox 162 2345 2159 2401; baseline 0.002 -18"><span class='ocrx_word' id='word_1_416' title='bbox 162 2359 250 2384; x_wconf 88' lang='lat' dir='ltr'><strong>rum</strong></span> <span class='ocrx_word' id='word_1_417' title='bbox 277 2353 471 2385; x_wconf 87' lang='lat' dir='ltr'><strong>structura</strong></span> <span class='ocrx_word' id='word_1_418' title='bbox 501 2359 573 2398; x_wconf 90' lang='lat' dir='ltr'><strong>pro</strong></span> <span class='ocrx_word' id='word_1_419' title='bbox 600 2345 793 2399; x_wconf 88' lang='lat' dir='ltr'><strong>superiori</strong></span> <span class='ocrx_word' id='word_1_420' title='bbox 818 2354 985 2398; x_wconf 88' lang='lat' dir='ltr'><strong>ponatur</strong></span> <span class='ocrx_word' id='word_1_421' title='bbox 1011 2345 1159 2400; x_wconf 87' lang='lat' dir='ltr'><strong>sibique</strong></span> <span class='ocrx_word' id='word_1_422' title='bbox 1186 2345 1414 2385; x_wconf 79' lang='lat' dir='ltr'><strong>inferiorem</strong></span> <span class='ocrx_word' id='word_1_423' title='bbox 1440 2346 1620 2386; x_wconf 87' lang='lat' dir='ltr'><strong>subiiciat</strong></span> <span class='ocrx_word' id='word_1_424' title='bbox 1646 2356 1760 2399; x_wconf 89' lang='lat' dir='ltr'><strong>atque</strong></span> <span class='ocrx_word' id='word_1_425' title='bbox 1787 2346 1871 2401; x_wconf 85' lang='lat' dir='ltr'><strong>ipsa</strong></span> <span class='ocrx_word' id='word_1_426' title='bbox 1900 2347 1942 2386; x_wconf 88' lang='lat' dir='ltr'><strong>in</strong></span> <span class='ocrx_word' id='word_1_427' title='bbox 1971 2361 2061 2387; x_wconf 90' lang='lat' dir='ltr'><strong>casn</strong></span> <span class='ocrx_word' id='word_1_428' title='bbox 2087 2361 2159 2399; x_wconf 88' lang='lat' dir='ltr'><strong>ge-</strong></span> 
     </span>
     <span class='ocr_line' id='line_1_37' title="bbox 159 2407 2161 2462; baseline 0.001 -16"><span class='ocrx_word' id='word_1_429' title='bbox 159 2407 285 2448; x_wconf 88' lang='lat' dir='ltr'><strong>nitivo</strong></span> <span class='ocrx_word' id='word_1_430' title='bbox 315 2408 557 2457; x_wconf 90' lang='lat' dir='ltr'><strong>collocetur,</strong></span> <span class='ocrx_word' id='word_1_431' title='bbox 586 2417 652 2448; x_wconf 91' lang='lat' dir='ltr'><strong>aut</strong></span> <span class='ocrx_word' id='word_1_432' title='bbox 677 2422 721 2447; x_wconf 89' lang='lat' dir='ltr'><strong>ea</strong></span> <span class='ocrx_word' id='word_1_433' title='bbox 750 2416 793 2447; x_wconf 89' lang='lat' dir='ltr'><strong>ut</strong></span> <span class='ocrx_word' id='word_1_434' title='bbox 819 2422 881 2447; x_wconf 88' lang='lat' dir='ltr'><strong>res</strong></span> <span class='ocrx_word' id='word_1_435' title='bbox 908 2417 1041 2448; x_wconf 88' lang='lat' dir='ltr'><strong>natura</strong></span> <span class='ocrx_word' id='word_1_436' title='bbox 1067 2407 1232 2450; x_wconf 84' lang='lat' dir='ltr'><strong>inferior</strong></span> <span class='ocrx_word' id='word_1_437' title='bbox 1257 2407 1298 2447; x_wconf 89' lang='lat' dir='ltr'><strong>in</strong></span> <span class='ocrx_word' id='word_1_438' title='bbox 1327 2418 1515 2449; x_wconf 84' lang='lat' dir='ltr'><strong>structura</strong></span> <span class='ocrx_word' id='word_1_439' title='bbox 1543 2408 1799 2462; x_wconf 87' lang='lat' dir='ltr'><strong>grammatica</strong></span> <span class='ocrx_word' id='word_1_440' title='bbox 1830 2408 2021 2450; x_wconf 88' lang='lat' dir='ltr'><strong>iudicetur</strong></span> <span class='ocrx_word' id='word_1_441' title='bbox 2045 2423 2161 2462; x_wconf 88' lang='lat' dir='ltr'><strong>supe-</strong></span> 
     </span>
     <span class='ocr_line' id='line_1_38' title="bbox 163 2469 2159 2525; baseline 0.001 -18"><span class='ocrx_word' id='word_1_442' title='bbox 163 2469 249 2507; x_wconf 87' lang='lat' dir='ltr'><strong>rior</strong></span> <span class='ocrx_word' id='word_1_443' title='bbox 275 2478 387 2521; x_wconf 87' lang='lat' dir='ltr'><strong>atque</strong></span> <span class='ocrx_word' id='word_1_444' title='bbox 413 2471 523 2509; x_wconf 89' lang='lat' dir='ltr'><strong>illam</strong></span> <span class='ocrx_word' id='word_1_445' title='bbox 550 2470 593 2508; x_wconf 89' lang='lat' dir='ltr'><strong>in</strong></span> <span class='ocrx_word' id='word_1_446' title='bbox 623 2485 664 2512; x_wconf 84' lang='lat' dir='ltr'><strong>se</strong></span> <span class='ocrx_word' id='word_1_447' title='bbox 688 2470 904 2509; x_wconf 89' lang='lat' dir='ltr'><strong>continens.</strong></span> <span class='ocrx_word' id='word_1_448' title='bbox 960 2469 1015 2508; x_wconf 90' lang='lat' dir='ltr'><strong>lta</strong></span> <span class='ocrx_word' id='word_1_449' title='bbox 1050 2473 1125 2510; x_wconf 84' lang='lat' dir='ltr'><strong>duo</strong></span> <span class='ocrx_word' id='word_1_450' title='bbox 1156 2471 1420 2521; x_wconf 86' lang='lat' dir='ltr'><strong>genitivorum</strong></span> <span class='ocrx_word' id='word_1_451' title='bbox 1447 2486 1591 2522; x_wconf 84' lang='lat' dir='ltr'><strong>genera</strong></span> <span class='ocrx_word' id='word_1_452' title='bbox 1627 2473 1814 2519; x_wconf 82' lang='lat' dir='ltr'><strong>habemus</strong></span> <span class='ocrx_word' id='word_1_453' title='bbox 1851 2486 1921 2525; x_wconf 90' lang='lat' dir='ltr'><strong>pro</strong></span> <span class='ocrx_word' id='word_1_454' title='bbox 1954 2472 2159 2510; x_wconf 88' lang='lat' dir='ltr'><strong>notionum</strong></span> 
     </span>
     <span class='ocr_line' id='line_1_39' title="bbox 155 2532 2160 2588; baseline 0.001 -18"><span class='ocrx_word' id='word_1_455' title='bbox 155 2539 295 2570; x_wconf 87' lang='lat' dir='ltr'><strong>natura</strong></span> <span class='ocrx_word' id='word_1_456' title='bbox 329 2546 461 2571; x_wconf 87' lang='lat' dir='ltr'><strong>rerum</strong></span> <span class='ocrx_word' id='word_1_457' title='bbox 490 2532 660 2583; x_wconf 81' lang='lat' dir='ltr'><strong>diversa,</strong></span> <span class='ocrx_word' id='word_1_458' title='bbox 690 2533 732 2572; x_wconf 90' lang='lat' dir='ltr'><strong>in</strong></span> <span class='ocrx_word' id='word_1_459' title='bbox 760 2547 806 2573; x_wconf 92' lang='lat' dir='ltr'><strong>eo</strong></span> <span class='ocrx_word' id='word_1_460' title='bbox 832 2541 961 2572; x_wconf 90' lang='lat' dir='ltr'><strong>tamen</strong></span> <span class='ocrx_word' id='word_1_461' title='bbox 990 2534 1110 2586; x_wconf 88' lang='lat' dir='ltr'><strong>paria,</strong></span> <span class='ocrx_word' id='word_1_462' title='bbox 1138 2533 1240 2586; x_wconf 90' lang='lat' dir='ltr'><strong>quod</strong></span> <span class='ocrx_word' id='word_1_463' title='bbox 1267 2544 1356 2573; x_wconf 90' lang='lat' dir='ltr'><strong>sunt</strong></span> <span class='ocrx_word' id='word_1_464' title='bbox 1383 2535 1541 2575; x_wconf 89' lang='lat' dir='ltr'><strong>nomina</strong></span> <span class='ocrx_word' id='word_1_465' title='bbox 1561 2549 1615 2574; x_wconf 87' lang='lat' dir='ltr'><strong>ex</strong></span> <span class='ocrx_word' id='word_1_466' title='bbox 1634 2534 1775 2587; x_wconf 89' lang='lat' dir='ltr'><strong>quibus</strong></span> <span class='ocrx_word' id='word_1_467' title='bbox 1801 2534 1965 2587; x_wconf 84' lang='lat' dir='ltr'><strong>genitivi</strong></span> <span class='ocrx_word' id='word_1_468' title='bbox 1992 2534 2160 2588; x_wconf 88' lang='lat' dir='ltr'><strong>pendere</strong></span> 
     </span>
     <span class='ocr_line' id='line_1_40' title="bbox 155 2593 2159 2650; baseline 0.001 -17"><span class='ocrx_word' id='word_1_469' title='bbox 155 2593 368 2642; x_wconf 82' lang='lat' dir='ltr'><strong>dicuntur3</strong></span> <span class='ocrx_word' id='word_1_470' title='bbox 396 2603 432 2633; x_wconf 91' lang='lat' dir='ltr'><strong>et</strong></span> <span class='ocrx_word' id='word_1_471' title='bbox 458 2605 501 2634; x_wconf 87' lang='lat' dir='ltr'><strong>nt</strong></span> <span class='ocrx_word' id='word_1_472' title='bbox 527 2610 607 2634; x_wconf 91' lang='lat' dir='ltr'><strong>non</strong></span> <span class='ocrx_word' id='word_1_473' title='bbox 636 2610 657 2634; x_wconf 89' lang='lat' dir='ltr'><strong>e</strong></span> <span class='ocrx_word' id='word_1_474' title='bbox 685 2595 927 2645; x_wconf 88' lang='lat' dir='ltr'><strong>nominibus,</strong></span> <span class='ocrx_word' id='word_1_475' title='bbox 953 2610 1087 2636; x_wconf 88' lang='lat' dir='ltr'><strong>verum</strong></span> <span class='ocrx_word' id='word_1_476' title='bbox 1115 2611 1168 2636; x_wconf 86' lang='lat' dir='ltr'><strong>ex</strong></span> <span class='ocrx_word' id='word_1_477' title='bbox 1196 2597 1326 2636; x_wconf 86' lang='lat' dir='ltr'><strong>verbis</strong></span> <span class='ocrx_word' id='word_1_478' title='bbox 1351 2599 1518 2650; x_wconf 90' lang='lat' dir='ltr'><strong>pendere</strong></span> <span class='ocrx_word' id='word_1_479' title='bbox 1544 2597 1751 2638; x_wconf 88' lang='lat' dir='ltr'><strong>videantur</strong></span> <span class='ocrx_word' id='word_1_480' title='bbox 1766 2597 1930 2650; x_wconf 82' lang='lat' dir='ltr'><strong>genitivi</strong></span> <span class='ocrx_word' id='word_1_481' title='bbox 1948 2596 2159 2637; x_wconf 84' lang='lat' dir='ltr'><strong>verborum</strong></span> 
     </span>
     <span class='ocr_line' id='line_1_41' title="bbox 145 2654 2159 2712; baseline 0.002 -19"><span class='ocrx_word' id='word_1_482' title='bbox 145 2654 442 2694; x_wconf 86' lang='lat' dir='ltr'><strong>cohaerentiam</strong></span> <span class='ocrx_word' id='word_1_483' title='bbox 467 2656 605 2695; x_wconf 85' lang='lat' dir='ltr'><strong>leviter</strong></span> <span class='ocrx_word' id='word_1_484' title='bbox 639 2656 888 2710; x_wconf 87' lang='lat' dir='ltr'><strong>inspicienti,</strong></span> <span class='ocrx_word' id='word_1_485' title='bbox 928 2666 1017 2695; x_wconf 89' lang='lat' dir='ltr'><strong>sunt</strong></span> <span class='ocrx_word' id='word_1_486' title='bbox 1051 2668 1180 2698; x_wconf 90' lang='lat' dir='ltr'><strong>tamen</strong></span> <span class='ocrx_word' id='word_1_487' title='bbox 1207 2672 1287 2696; x_wconf 90' lang='lat' dir='ltr'><strong>non</strong></span> <span class='ocrx_word' id='word_1_488' title='bbox 1326 2660 1445 2698; x_wconf 89' lang='lat' dir='ltr'><strong>verba</strong></span> <span class='ocrx_word' id='word_1_489' title='bbox 1473 2659 1538 2697; x_wconf 90' lang='lat' dir='ltr'><strong>sed</strong></span> <span class='ocrx_word' id='word_1_490' title='bbox 1570 2658 1729 2697; x_wconf 89' lang='lat' dir='ltr'><strong>nomina</strong></span> <span class='ocrx_word' id='word_1_491' title='bbox 1763 2673 1861 2712; x_wconf 89' lang='lat' dir='ltr'><strong>quae</strong></span> <span class='ocrx_word' id='word_1_492' title='bbox 1895 2657 2028 2697; x_wconf 86' lang='lat' dir='ltr'><strong>verbis</strong></span> <span class='ocrx_word' id='word_1_493' title='bbox 2064 2672 2159 2697; x_wconf 90' lang='lat' dir='ltr'><strong>con-</strong></span> 
     </span>
     <span class='ocr_line' id='line_1_42' title="bbox 155 2715 2157 2774; baseline 0.003 -19"><span class='ocrx_word' id='word_1_494' title='bbox 155 2718 343 2757; x_wconf 85' lang='lat' dir='ltr'><strong>tinentur.</strong></span> <span class='ocrx_word' id='word_1_495' title='bbox 364 2715 609 2757; x_wconf 88' lang='lat' dir='ltr'><strong>—Primum</strong></span> <span class='ocrx_word' id='word_1_496' title='bbox 636 2718 684 2757; x_wconf 88' lang='lat' dir='ltr'><strong>de</strong></span> <span class='ocrx_word' id='word_1_497' title='bbox 712 2717 791 2757; x_wconf 90' lang='lat' dir='ltr'><strong>illis</strong></span> <span class='ocrx_word' id='word_1_498' title='bbox 818 2718 1002 2770; x_wconf 88' lang='lat' dir='ltr'><strong>genitivis</strong></span> <span class='ocrx_word' id='word_1_499' title='bbox 1030 2720 1156 2762; x_wconf 88' lang='lat' dir='ltr'><strong>dicam</strong></span> <span class='ocrx_word' id='word_1_500' title='bbox 1183 2720 1249 2773; x_wconf 90' lang='lat' dir='ltr'><strong>qui</strong></span> <span class='ocrx_word' id='word_1_501' title='bbox 1277 2721 1501 2774; x_wconf 86' lang='lat' dir='ltr'><strong>exprimant</strong></span> <span class='ocrx_word' id='word_1_502' title='bbox 1529 2719 1706 2760; x_wconf 85' lang='lat' dir='ltr'><strong>notiones</strong></span> <span class='ocrx_word' id='word_1_503' title='bbox 1717 2720 1948 2774; x_wconf 80' lang='lat' dir='ltr'><strong>superiores,</strong></span> <span class='ocrx_word' id='word_1_504' title='bbox 1980 2735 2052 2760; x_wconf 88' lang='lat' dir='ltr'><strong>nec</strong></span> <span class='ocrx_word' id='word_1_505' title='bbox 2070 2722 2157 2761; x_wconf 85' lang='lat' dir='ltr'><strong>fieri</strong></span> 
     </span>
     <span class='ocr_line' id='line_1_43' title="bbox 150 2777 2157 2837; baseline 0.005 -22"><span class='ocrx_word' id='word_1_506' title='bbox 150 2787 276 2830; x_wconf 85' lang='lat' dir='ltr'><strong>potest</strong></span> <span class='ocrx_word' id='word_1_507' title='bbox 317 2777 433 2819; x_wconf 86' lang='lat' dir='ltr'><strong>aliter</strong></span> <span class='ocrx_word' id='word_1_508' title='bbox 473 2793 590 2830; x_wconf 89' lang='lat' dir='ltr'><strong>quam</strong></span> <span class='ocrx_word' id='word_1_509' title='bbox 629 2789 670 2818; x_wconf 85' lang='lat' dir='ltr'><strong>ut</strong></span> <span class='ocrx_word' id='word_1_510' title='bbox 706 2794 802 2832; x_wconf 88' lang='lat' dir='ltr'><strong>quos</strong></span> <span class='ocrx_word' id='word_1_511' title='bbox 841 2794 1101 2832; x_wconf 85' lang='lat' dir='ltr'><strong>possessorum</strong></span> <span class='ocrx_word' id='word_1_512' title='bbox 1131 2783 1216 2823; x_wconf 87' lang='lat' dir='ltr'><strong>sive</strong></span> <span class='ocrx_word' id='word_1_513' title='bbox 1254 2784 1492 2836; x_wconf 72' lang='lat' dir='ltr'><strong>possessivus</strong></span> <span class='ocrx_word' id='word_1_514' title='bbox 1520 2791 1661 2823; x_wconf 84' lang='lat' dir='ltr'><strong>vocant</strong></span> <span class='ocrx_word' id='word_1_515' title='bbox 1699 2782 1808 2837; x_wconf 86' lang='lat' dir='ltr'><strong>prius</strong></span> <span class='ocrx_word' id='word_1_516' title='bbox 1831 2791 2050 2823; x_wconf 83' lang='lat' dir='ltr'><strong>tractemus.</strong></span> <span class='ocrx_word' id='word_1_517' title='bbox 2106 2784 2157 2825; x_wconf 90' lang='lat' dir='ltr'><strong>Et</strong></span> 
     </span>
    </p>
   </div>
  </div>
 </body>
</html>
