2350 3086
922 105 1486 150 —--11.--—-

213 228 319 268 cauti
345 240 428 267 esse
463 240 516 266 ex
541 240 586 266 re
610 226 775 266 alicuius
814 230 951 273 (baron
977 226 1109 280 stegen,
1150 231 1190 268 εὖ
1217 228 1300 282 liegt
1324 232 1461 275 boton)
1495 228 1679 268 adiicitur
1717 237 1757 268 et
1780 238 1975 283 postremo
2013 230 2199 283 quonium

213 305 243 331 e.
261 288 442 331 versibus
467 287 721 341 Terentiauis
752 288 1019 330 demonstrare
1043 288 1285 339 studuerunt,
1313 289 1472 331 illorum
1499 290 1776 345 pronominum
1802 305 1828 331 a
1854 291 1971 333 flul·
1995 296 2106 341 (nea
2130 301 2199 335 ua

213 365 285 392 sua
310 364 427 391 uosra
441 355 604 397 vestra)
641 348 830 402 produci,
878 350 1093 390 ablativum
1131 351 1310 392 feminini
1335 352 1491 402 generis
1529 367 1617 392 cum
1643 352 1769 408 priori
1805 362 1918 407 parte
1942 355 2052 393 verbi
2075 355 2200 395 resen

213 412 513 454 construendum
546 426 631 452 esse
656 419 886 453 statuerunt.
940 409 1019 452 Sed
1046 412 1222 465 quamvis
1247 413 1458 455 concedam
1497 414 1650 455 refert
1688 430 1787 456 mea
1811 430 1895 456 esse
1920 418 2199 469 expone-hm

213 475 309 516 fert
333 488 384 516 re
408 487 509 515 mea
533 480 574 512 et
598 471 691 512 huic
712 472 882 513 similem
902 471 1133 513 senteutiam
1148 486 1228 515 esse
1245 475 1288 515 iu
1307 473 1478 515 dictione
1493 488 1516 514 e
1541 488 1591 515 re
1615 489 1715 517 mea
1739 485 1813 517 est
1839 474 1967 527 (conf.
1991 474 2148 530 Kneg·
2171 478 2199 525 Ι,

210 539 238 579 l.
264 548 303 578 et
339 536 524 589 exempla
552 533 733 581 Plautina
771 550 796 575 a
821 535 926 576 Viro
958 536 1071 577 docto
1096 536 1268 579 laudata:
1303 536 1452 577 Pseud.
1481 540 1516 578 1.
1544 540 1583 578 3.
1613 539 1699 579 102.
1737 554 1792 578 ex
1825 549 1890 579 tua
1919 554 1964 579 re
2003 553 2085 580 uou
2118 548 2198 588 κη

210 596 324 654 capt.
349 598 390 639 2.
414 597 454 637 2.
477 594 541 637 46.
567 604 635 635 tua
661 609 716 635 ex
741 610 786 636 re
811 595 992 645 feceris)2
1029 594 1261 638 Terentium
1288 607 1420 638 tamen
1446 612 1525 637 non
1552 597 1680 638 dicam
1705 599 1799 640 setis
1824 599 2024 640 ostendere
2048 600 2148 641 illud
2172 613 2199 641 a

208 659 392 715 producig
418 673 511 700 nam
537 657 641 699 iuter
665 672 733 699 eos
755 658 862 699 locos
887 658 955 699 ubi
985 659 1151 700 verbum
1176 662 1322 702 refert
1350 674 1441 701 cum
1468 660 1541 701 isto
1564 661 1799 716 pronomine
1825 661 1986 714 legitur:
2026 662 2129 705 Ean.
2153 664 2196 708 2.

208 726 247 763 3.
272 722 346 771 2⁹3
383 721 462 760 Aa.
488 721 527 760 ⁵.
552 719 591 760 4.
616 721 690 768 2⁷3
722 718 824 760 «Η...
852 719 892 760 4.
918 723 957 760 3.
986 722 1055 769 12³
1091 722 1130 761 5.
1155 724 1192 761 3.
1220 724 1288 767 ιε.
1332 720 1408 761 Ριι.
1435 720 1472 760 4.
1498 723 1538 762 5.
1565 725 1626 762 ιι.
1653 723 1784 761 ..ι-ιιι..
1808 732 1866 761 ..ι
1890 726 1960 776 «με
1983 724 2196 776 longitndi-

208 798 300 825 nem
325 783 434 824 illius
457 781 606 831 vocalis
643 790 811 823 statuere
838 797 910 823 nos
947 792 1072 835 cogat.

316 845 424 890 Eun.
445 847 485 888 2.
509 847 548 887 3.
573 845 640 887 29.
691 843 773 885 Fac
797 841 945 886 trifidae:
973 860 1059 886 mea
1086 845 1184 886 nihil
1209 846 1342 896 refert,
1367 845 1460 885 dum
1485 844 1613 898 potiar
1636 846 1767 889 modo.

210 922 277 963 pes
315 908 508 947 secundus
533 915 590 945 eet
616 915 682 945 sut
708 906 886 962 dactylus
923 916 990 945 aut
1022 907 1057 946 si
1092 908 1236 947 vocalis
1261 922 1284 947 a
1310 908 1430 959 longa
1465 907 1646 946 statuitur
1678 917 1718 948 et
1751 922 1823 963 per
1857 909 2061 964 syninaaiu
2098 925 2187 952 cum

206 970 449 1012 antecedenti
475 983 498 1009 e
524 967 768 1009 connectitur
792 969 999 1022 spondeus.
1026 992 1076 999 —

313 1033 391 1074 Aa.
418 1033 457 1073 5.
483 1031 521 1073 4.
546 1032 611 1072 27.
635 1028 778 1071 deerit:
806 1030 846 1070 id
874 1046 959 1072 mea
988 1030 1161 1072 minume
1187 1031 1324 1081 refert,
1349 1028 1419 1083 qui
1444 1045 1529 1071 sum
1557 1039 1650 1070 natu
1675 1031 1900 1074 maxumus.

209 1107 448 1149 quamquam
465 1093 531 1133 hic
555 1107 691 1134 versus
708 1102 765 1132 est
778 1093 996 1134 trochaicus
1010 1094 1078 1134 ille
1104 1094 1308 1140 iambicus,
1335 1107 1414 1132 non
1441 1092 1554 1132 aliter
1575 1107 1638 1132 res
1664 1106 1706 1132 se
1720 1093 1835 1132 habet
1853 1093 1930 1133 uisi
1955 1095 2059 1147 quod
2074 1096 2192 1150 syni—

207 1157 291 1198 zesi
320 1155 493 1197 adhibita
521 1169 570 1195 ne
602 1153 782 1206 cogimur
805 1155 961 1208 quidem
987 1157 1201 1210 spondeum
1231 1170 1304 1210 pro
1325 1156 1508 1196 trochaeo
1534 1164 1720 1207 statuere3
1745 1169 1905 1209 prorsus
1929 1156 2033 1197 idem
2063 1167 2122 1199 est
2147 1159 2191 1199 iu

208 1227 420 1320 'wega‘-
435 1278 474 1319 4.
502 1280 540 1318 3.
568 1278 631 1318 12.
658 1277 821 1318 nescias.
855 1276 1008 1317 Verum
1033 1287 1099 1319 tue
1128 1279 1247 1319 refert
1271 1276 1370 1318 nihi!
1396 1288 1527 1319 utrum
1552 1278 1643 1318 illae
1668 1276 1843 1320 fe'cen’nt.

372 1350 411 1381 et
433 1341 471 1381 5.
497 1341 535 1381 3.
565 1340 627 1380 12.
654 1336 762 1391 Quid
789 1339 847 1379 rei
875 1340 957 1381 est?
983 1339 1032 1382 Β.
1058 1344 1124 1381 tua
1150 1341 1251 1394 quod
1278 1340 1335 1380 nil
1360 1341 1494 1390 refert,
1520 1338 1738 1394 percontari
1763 1337 1930 1384 desinas.

312 1403 497 1456 Denique
535 1400 611 1445 Ph.
645 1401 684 1443 4.
710 1402 749 1444 5.
777 1403 838 1444 ΙΙ.
864 1401 1015 1443 Datum
1051 1402 1134 1444 esse
1160 1402 1271 1445 dotis.
1324 1402 1379 1444 D.
1413 1401 1506 1456 quid
1543 1412 1631 1443 tuae
1666 1402 1834 1455 malum,
1870 1403 1910 1444 id
1949 1401 2096 1446 refert?
2140 1403 2189 1447 G.

448 1507 450 1509 ,
865 1464 1024 1516 magui,
1067 1463 1278 1520 Demipho.

207 1535 274 1567 aut
299 1539 367 1580 pes
394 1534 553 1579 quartus
581 1534 638 1565 est
659 1533 740 1565 tua
767 1524 921 1566 iambus
946 1536 984 1566 et
1012 1542 1175 1580 sequens
1201 1530 1403 1579 „malum
1429 1525 1475 1566 id
1502 1523 1586 1566 re'“
1605 1548 1656 1556 —
1681 1536 1911 1581 anapaestus
1935 1526 2040 1569 haud
2065 1530 2190 1571 bouus

207 1589 294 1628 loco
319 1587 455 1640 quinto
482 1600 554 1640 pro
581 1586 752 1639 spondeo
779 1595 846 1625 aut
870 1587 957 1626 loco
982 1597 1119 1640 quarto
1145 1589 1367 1629 statuendus
1392 1597 1450 1629 est
1474 1588 1699 1643 tribrachys
1724 1597 1833 1640 „tua
1859 1591 1968 1629 ma“
1996 1611 2047 1620 —
2063 1599 2102 1631 et
2123 1605 2187 1631 se-

206 1657 351 1703 quente
375 1649 570 1702 spondeus
596 1648 662 1688 vel
687 1647 852 1688 iambus.

393 1709 580 1764 Quinque
604 1709 681 1750 loci
706 1719 798 1751 suut
822 1710 892 1751 ubi
918 1712 1083 1752 verbum
1108 1712 1257 1752 refert
1291 1710 1549 1764 supplendum
1576 1725 1660 1751 esse
1683 1710 1857 1752 videtui-z
1883 1710 1970 1752 Hoc
1992 1716 2034 1755 3.
2058 1714 2101 1756 5.
2122 1714 2189 1757 59.

203 1770 280 1812 Ph.
309 1773 346 1813 1.
373 1773 412 1812 2.
438 1771 510 1821 833
551 1771 605 1811 ib.
630 1771 669 1811 2.
695 1772 735 1812 3.
761 1770 825 1812 42.
853 1771 968 1825 (quid
996 1770 1129 1822 meass)
1164 1772 1217 1813 ib.
1248 1772 1289 1812 5.
1314 1773 1354 1812 3.
1384 1773 1446 1813 17.
1472 1771 1566 1825 quid
1592 1771 1691 1812 istuc
1718 1772 1875 1812 nostra?
1913 1772 1969 1815 ib.
1992 1773 2033 1815 5.
2056 1773 2098 1816 8.
2121 1774 2187 1818 47.

203 1832 298 1887 quid
322 1834 363 1875 id
390 1842 551 1875 nostra?
583 1834 686 1874 iuter
711 1849 807 1887 quoe
834 1834 900 1875 hic
922 1835 1061 1876 unicus
1086 1845 1144 1876 est
1166 1835 1234 1876 ubi
1259 1851 1283 1876 a
1313 1836 1559 1889 producitur:

363 1918 365 1920 -
387 1893 519 1935 Etiam
544 1894 684 1935 dotatis
710 1895 824 1938 soles.
877 1894 923 1937 G.
949 1895 1056 1949 Quid
1083 1896 1123 1936 id
1150 1897 1305 1937 nostre?
1359 1896 1407 1939 P.
1433 1896 1546 1938 nihil.
1572 1917 1625 1927 —

391 1956 574 1998 ceterum
600 1958 815 1998 notandum
839 1967 897 1999 est
921 1973 1110 2011 nusquam
1137 1960 1359 1999 fabularum
1376 1959 1706 1999 Terentianamm
1733 1958 1880 1998 refert
1902 1972 1992 1998 cum
2009 1958 2189 2009 genitivo

203 2018 393 2071 inveniri,
419 2018 523 2073 quod
550 2032 597 2060 eo
613 2018 906 2061 memorabilius
932 2028 1004 2072 est,
1030 2019 1121 2074 quia
1149 2019 1217 2061 ino
1240 2034 1330 2062 cum
1349 2020 1581 2076 pronomine
1604 2019 1819 2076 possessivo
1836 2018 2043 2061 coniuncto
2067 2033 2191 2075 appa-

201 2094 263 2125 ret
300 2083 479 2135 linguam
504 2082 759 2123 vetustiorem
786 2098 866 2123 nou
894 2084 1055 2123 oblitam
1093 2098 1177 2123 esse
1204 2083 1376 2123 nominis
1412 2084 1611 2122 notionem
1649 2083 1766 2122 simul
1802 2081 1862 2121 ini
1900 2083 2023 2122 verbo
2048 2081 2190 2124 inesse.

204 2144 337 2188 Ceteri
362 2143 516 2201 praeter
534 2145 640 2193 locos
664 2144 840 2187 laudatos
858 2145 935 2187 loci
962 2145 1029 2186 ubi
1057 2145 1177 2186 refert
1192 2158 1278 2185 cum
1301 2145 1586 2198 significatione
1612 2144 1679 2186 ills
1702 2144 1805 2200 apud
1829 2142 2066 2185 Terentium
2090 2144 2189 2198 legi·

200 2218 268 2249 tur
292 2217 398 2249 sunt:
439 2207 549 2250 And.
572 2209 612 2249 3.
636 2208 676 2248 2.
714 2209 776 2250 16.
804 2208 897 2261 quid
922 2208 1078 2249 retulit?
1125 2207 1225 2249 Hea.
1249 2210 1288 2249 3.
1322 2212 1358 2250 l.
1383 2209 1437 2248 58
1464 2208 1560 2247 illud
1588 2207 1794 2261 permsgui
1829 2206 1978 2247 referre
2001 2206 2185 2256 arbitrorg

199 2271 277 2315 Ph.
303 2272 343 2315 4.
367 2272 406 2312 3.
433 2268 498 2311 41.
534 2268 648 2325 parvi
672 2269 821 2310 retultit
844 2284 925 2311 uon
955 2269 1181 2326 suscepisse.
1207 2292 1254 2300 —
1276 2267 1363 2310 Nec
1398 2283 1507 2311 secus
1531 2269 1697 2311 verbum
1733 2267 1934 2308 interest
1969 2268 2073 2322 quod
2093 2281 2187 2309 cum

201 2348 392 2389 personae
428 2330 603 2384 genitivo
628 2330 862 2372 inferiorum
886 2341 1055 2373 aetatum
1079 2332 1283 2387 scriptores
1308 2332 1434 2373 solent
1470 2340 1693 2372 construere
1717 2330 1820 2384 apud
1845 2329 2075 2370 Terentium
2113 2345 2190 2372 uec

204 2409 296 2436 cum
321 2393 499 2447 genitivo
525 2407 598 2440 nec
622 2407 711 2432 cum
738 2393 972 2448 pronomine
997 2394 1214 2449 possessivo
1239 2393 1397 2447 legitur,
1423 2394 1490 2434 sed
1515 2393 1661 2447 ubique
1685 2407 1873 2447 personae
1897 2391 2188 2445 significatione

206 2466 332 2507 caret3
365 2454 464 2507 quin
496 2455 615 2495 etiam
641 2454 811 2508 quinque
847 2456 1024 2497 locorum
1050 2456 1117 2497 ubi
1143 2457 1300 2497 interest
1324 2456 1462 2497 inveni
1487 2470 1565 2495 non
1591 2456 1716 2495 solum
1743 2454 1805 2495 his
1830 2453 1976 2495 tribus:
2012 2452 2120 2497 Bne.
2144 2456 2186 2498 2.

200 2520 241 2562 2.
268 2521 308 2561 1.
332 2516 469 2567 (stulto
485 2515 708 2570 intelligens
731 2516 824 2571 quid
845 2516 1064 2569 interes12)3
1089 2519 1169 2562 Aa.
1195 2521 1231 2562 1.
1253 2521 1286 2558 Ι.
1303 2519 1368 2560 51.
1401 2518 1496 2567 (hoc
1519 2525 1630 2571 pater
1651 2524 1689 2556 et
1716 2515 1897 2557 dominus
1910 2514 2106 2567 interest).
2131 2517 2186 2560 ib.

200 2584 240 2624 3.
266 2583 306 2623 3.
321 2580 386 2621 38.
403 2593 460 2632 sq.
486 2578 675 2627 (nimium
700 2580 805 2620 inter
827 2594 914 2630 vos,
941 2581 1178 2635 permininm
1202 2581 1379 2630 interest)
1405 2579 1500 2620 illud
1525 2578 1690 2617 verbum
1714 2578 1911 2630 siguificat
1934 2578 2097 2620 dites-re
2121 2580 2188 2621 vel

199 2643 403 2684 diversum
429 2654 536 2692 esee,
561 2641 629 2681 sed
655 2641 775 2687 etiam
800 2641 962 2695 reliquis
985 2643 1137 2684 duobus
1162 2642 1322 2684 eandem
1346 2642 1430 2684 vim
1456 2638 1552 2680 mihi
1576 2639 1714 2680 videor
1738 2640 2057 2696 deprehendisse3
2091 2656 2186 2684 ua-

203 2706 311 2747 And.
328 2704 368 2746 4.
384 2703 424 2746 4.
441 2704 506 2745 55.
532 2702 602 2744 nbi
628 2702 818 2756 legimusz
856 2704 1011 2757 „hilum
1035 2706 1220 2747 interesse
1241 2720 1374 2746 censes
1399 2718 1452 2744 ex
1477 2702 1611 2743 auimo
1636 2702 1758 2744 facias
1782 2718 1837 2744 au
1862 2704 1912 2745 de
1933 2703 2188 2745 ind-uda&

200 2766 330 2811 hilum
367 2763 530 2809 interest
554 2763 659 2807 idem
698 2766 805 2810 valet
830 2777 943 2822 atque
979 2767 1080 2810 nihil
1104 2767 1252 2821 differt,
1290 2777 1328 2810 et
1353 2765 1455 2809 Eun.
1479 2763 1520 2809 4.
1545 2764 1585 2809 4.
1612 2766 1676 2809 18.
1712 2766 1854 2821 „qussi
1889 2779 1987 2810 vero
2010 2765 2188 2821 pullu

211 2853 216 2858 .
1882 2836 1938 2875 2*
