2350 3086
900 92 1467 139 412—-

189 216 405 258 intersiet“
442 213 777 268 interpretandum
814 226 898 253 esse
934 221 1049 266 puto:
1087 213 1199 264 quasi
1237 212 1340 253 inter
1363 209 1598 252 Eunuchum
1637 211 1703 265 qui
1743 211 1786 252 in
1818 211 1986 253 Thaidis
2021 211 2183 252 domum

187 279 322 321 duetus
346 284 405 317 est
428 285 469 317 et
494 292 585 318 eum
620 275 689 329 qui
726 304 757 324 ‚,
767 274 917 327 vietus,
949 284 1084 325 vetus,
1114 282 1341 316 veternosus
1377 287 1522 325 senex,
1557 274 1689 315 colore.
1711 273 1973 315 stellionino“
2011 271 2183 328 Pythiae

196 349 236 380 et
260 338 482 380 Phaedriae
507 347 596 378 ante
619 337 752 378 oculos
777 345 874 385 stat,
913 346 991 377 tam
1019 335 1191 391 paullum
1216 336 1390 378 intersiet
1414 344 1457 376 ut
1482 336 1610 377 solum
1636 336 1786 389 „varia
1812 344 1919 377 veste
1931 341 1961 361 ¹‘
1996 332 2184 390 spoliatus

190 415 352 456 prorsus
378 401 572 442 diversam
591 399 772 454 'speciem
800 399 1034 454 praebuerit.
1060 421 1111 430 -

377 463 533 506 Accedo
558 462 607 503 ad
633 461 832 515 genitivos
858 461 1061 518 partitivos
1088 470 1125 502 et
1158 464 1441 503 enumerandos
1465 469 1503 500 et
1529 460 1809 515 explicandos,
1847 476 1944 516 quos
1969 467 2072 517 apud
2098 467 2183 506 're-

187 536 359 570 rentium
400 538 520 578 quum
562 525 778 579 permultos
814 534 897 564 tum
940 524 1093 576 generis
1144 523 1308 565 rarioris
1354 521 1588 563 invenimus.
1668 522 1864 575 Quamvis
1907 524 2013 565 enim
2056 538 2185 566 sermo

187 589 333 632 latinus
357 602 380 628 a
405 587 620 629 vernaculo
646 587 813 627 multum
838 587 993 627 differat
1018 586 1059 625 in
1085 584 1260 637 genitivo
1287 584 1469 639 partitivo
1494 585 1732 638 usurpando,
1758 586 1826 637 qui
1852 600 1875 625 a
1902 596 2034 627 nostra
2046 587 2183 639 lingua

189 654 275 694 fere
299 649 453 690 alienus
470 649 545 700 sit,
560 648 615 688 ita
633 657 676 689 nt
693 662 765 703 pro
789 663 835 688 eo
853 648 1077 703 saepissime
1102 655 1338 701 usurpentur
1354 645 1676 701 praepositiones:
1703 646 1879 699 vulgaris
1896 656 2028 690 tamen
2057 662 2185 690 sermo

191 713 340 755 latinus
378 711 497 753 etiam
535 711 657 752 multo
691 710 995 763 frequentiorem
1033 724 1145 750 usum
1184 709 1351 761 genitivi
1389 708 1562 762 partitivi
1602 718 1803 751 monstrat.
1855 709 2186 763 Frequentissime

189 776 297 816 hunc
334 773 553 827 genitivum
581 772 812 827 pendentem
851 771 1074 812 invenimus
1100 785 1121 810 e
1146 769 1443 825 pronominibus
1480 770 1543 810 vel
1581 768 1795 812 indefinitis
1819 770 1885 810 vel
1910 770 2184 824 interogativis

194 837 260 878 vel
286 835 461 877 relativis
486 835 552 876 vel
576 833 891 880 demonstrativis
916 834 1071 885 generis
1097 832 1286 874 neutrius.
1341 831 1474 872 Primo
1497 832 1581 872 loco
1608 846 1654 871 ea
1681 832 1863 886 exempla
1889 847 1994 886 pono
2019 834 2088 874 ubi
2114 849 2185 874 vo·

196 898 379 940 cabulum
414 910 528 951 pars
564 910 652 935 cum
688 908 777 946 gen.
803 894 935 949 partit.
962 893 1228 946 coniungiturt
1276 892 1379 936 Eun.
1409 896 1442 935 1.
1468 895 1507 935 2.
1536 895 1586 934 12
1612 908 1703 949 pars
1729 908 1851 947 aequa
1878 895 2044 946 amoris;
2083 894 2184 938 Hea.

196 961 297 1016 prol.
323 959 377 1000 42
400 959 529 1012 aliqua
556 973 645 1012 pars
670 958 837 1007 1aboris3
878 961 912 1000 1.
944 962 978 999 1.
1005 960 1043 999 5.
1072 958 1111 996 in
1141 955 1270 1008 aliqua
1297 966 1406 1009 parte
1433 957 1645 1010 amicitiae3
1685 956 1761 999 Ph.
1786 957 1826 999 4.
1850 960 1889 998 3.
1915 959 1987 1002 32;
2013 958 2186 1009 aliquam

191 1031 343 1079 partem
368 1020 480 1074 aequi
508 1019 688 1074 bonique.
761 1017 808 1059 ln
835 1018 977 1075 quibus
1003 1017 1192 1072 exemplis
1220 1032 1269 1057 ne
1306 1017 1549 1072 negligamus
1576 1018 1810 1060 vocabulum
1848 1032 1957 1075 pars
1995 1032 2186 1074 nusquam

196 1087 345 1126 nudum
372 1099 454 1125 esse
478 1083 648 1137 positum
677 1083 744 1122 sed
770 1083 965 1123 adiectivo
990 1084 1206 1130 accedente,
1232 1090 1274 1120 ut
1300 1096 1435 1120 omnes
1461 1082 1585 1119 dictae
1613 1090 1741 1133 partes
1766 1082 1844 1121 sint
1873 1090 2001 1120 certae
2028 1091 2066 1120 et
2090 1083 2189 1121 defi-

195 1145 316 1197 nitae;
357 1158 483 1198 neque
522 1142 614 1184 huic
638 1142 717 1196 legi
749 1142 849 1186 Hec.
876 1144 976 1199 prol.
1011 1145 1049 1185 2.
1081 1158 1118 1185 v.
1145 1144 1184 1185 7.
1210 1150 1420 1196 repugnat,
1459 1141 1527 1183 ubi
1570 1141 1726 1195 quidem
1766 1142 1979 1198 „partim“
2020 1141 2187 1193 (Caecili

197 1222 388 1248 novarum
413 1207 656 1254 fabularum)
700 1207 803 1258 quod
844 1221 922 1244 non
951 1221 1087 1245 censeo
1111 1213 1231 1244 totam
1272 1205 1447 1242 adverbii
1487 1213 1665 1243 naturam
1705 1205 1897 1255 induisse,
1950 1206 2078 1260 ipsum
2105 1220 2185 1244 non

193 1270 408 1312 accuratius
435 1267 632 1317 delinitur,
659 1268 727 1308 sed
754 1277 887 1309 tamen
914 1268 1142 1322 explicatur,
1168 1283 1289 1321 quum
1316 1267 1352 1308 ei
1380 1267 1479 1322 parti
1506 1268 1547 1308 in
1567 1283 1641 1321 qua
1670 1273 1824 1321 (quam)
1851 1278 2012 1310 exactus
2029 1278 2087 1310 est
2103 1284 2186 1310 sce·

193 1333 305 1373 nicus
323 1340 542 1385 opponatur
560 1331 681 1370 altera
699 1330 741 1369 in
758 1345 833 1383 qua
860 1359 889 1381 „
909 1331 981 1371 vix
999 1331 1139 1372 stetit.“
1193 1328 1279 1379 (Cf.
1304 1329 1481 1382 Madwig
1499 1333 1563 1373 lut.
1583 1332 1733 1384 ἓφτῴῑ.
1751 1333 1811 1380 fiir
1829 1333 2006 1384 Εῴιιῐεη.
2029 1326 2189 1374 ffimm'ti

197 1396 338 1448 febmeig
367 1395 490 1444 18433
515 1393 576 1435 fib.
601 1395 638 1436 b.
659 1391 759 1433 Gen.
786 1391 839 1434 N.
866 1396 904 1435 5.
932 1394 980 1435 21.
1007 1395 1064 1439 3.)
1115 1390 1266 1433 Similis
1295 1392 1416 1445 partis
1443 1393 1549 1432 notio
1573 1403 1628 1433 est
1653 1393 1772 1440 modi,
1798 1408 1915 1446 quam
1941 1394 2048 1435 And.
2073 1395 2112 1435 5.
2142 1397 2182 1434 l.

193 1459 232 1499 7.
251 1457 456 1496 habemus:
485 1469 646 1507 „neque
673 1454 832 1493 modum
853 1454 1101 1506 benignitatis
1127 1454 1317 1506 cogitas.“
1372 1454 1595 1508 Sequuntur
1612 1456 1795 1509 exempla
1815 1456 1883 1495 ubi
1901 1456 1977 1495 alia
1996 1456 2185 1496 vocabula

191 1528 315 1559 certas
343 1526 472 1571 partes
498 1516 763 1567 significantia
790 1526 976 1569 usurpata
1003 1527 1109 1556 sunt:
1151 1517 1230 1557 Ad.
1256 1520 1295 1558 3.
1321 1520 1358 1559 3.
1390 1519 1450 1559 16.
1477 1517 1683 1556 dimidium
1711 1517 1861 1567 minae3
1897 1518 1952 1559 ib.
1978 1519 2043 1560 90.
2070 1519 2186 1558 huius

189 1579 344 1632 generis
370 1578 569 1631 reliquias.
623 1576 818 1618 Similiter
845 1593 887 1618 se
915 1579 1029 1617 habet
1054 1593 1112 1618 res
1144 1578 1213 1619 ubi
1242 1579 1391 1619 nummi
1419 1579 1576 1632 quidam
1602 1588 1751 1632 partem
1779 1579 1972 1629 iudicant,
2012 1589 2055 1620 ut
2081 1578 2181 1621 Heu.

188 1646 226 1685 3.
254 1645 293 1683 3.
319 1642 382 1681 4⁰.
410 1642 685 1680 drachmarum
714 1638 861 1689 (Bentl.
887 1640 1206 1693 drachumatum)
1247 1641 1411 1692 argenti3
1452 1641 1505 1681 ib.
1533 1641 1573 1682 4.
1601 1643 1638 1682 7.
1669 1642 1728 1682 10.
1771 1642 1866 1681 haec
1903 1642 2047 1682 talenta
2087 1643 2187 1682 dotis

189 1706 287 1755 duo;
314 1703 390 1745 Ph.
416 1704 454 1745 5.
482 1705 522 1743 3.
548 1703 587 1743 6.
614 1702 758 1742 talenta
786 1701 939 1755 argenti
967 1702 1070 1744 bina.
1120 1702 1258 1757 Neque
1283 1704 1359 1744 huc
1384 1704 1530 1744 referre
1558 1704 1693 1743 dubito
1719 1703 1795 1746 Ph.
1822 1707 1858 1746 1.
1884 1706 1922 1746 2.
1953 1705 2013 1747 18.
2042 1705 2186 1746 montis

190 1767 299 1818 auri,
339 1779 576 1820 quamquam
603 1763 774 1803 Bith-oth
813 1779 939 1815 gram.
967 1765 1031 1805 lat.
1059 1770 1094 1814 §.
1124 1767 1211 1809 145.
1238 1782 1277 1821 p.
1302 1766 1391 1807 204.
1420 1765 1571 1805 etiamsi
1612 1780 1689 1805 non
1718 1780 1739 1806 a
1768 1766 1953 1817 genitivis
1995 1767 2188 1821 partitivis

191 1830 362 1871 alienum
406 1827 554 1867 iudicet
580 1827 693 1866 illum
720 1827 899 1867 nominat
925 1836 1053 1867 tamen
1090 1828 1281 1880 singulari
1317 1828 1475 1868 nomine
1501 1827 1676 1880 genitivo
1714 1828 1899 1869 materiae
1925 1829 2188 1871 consentiente
2227 1841 2229 1843 ’

191 1892 399 1944 Kruegero
425 1891 453 1931 Ι.
477 1891 506 1930 l.
560 1888 768 1942 Exemplis
807 1890 1071 1942 superioribus
1097 1891 1204 1944 paria
1232 1901 1320 1931 sunt
1348 1892 1456 1941 haec,
1496 1890 1565 1929 ubi
1592 1905 1613 1929 e
1642 1891 1752 1944 copia
1790 1892 1956 1943 quadam
1983 1892 2188 1932 hominum

193 1968 283 2008 pars
308 1951 496 1993 demitur:
524 1950 628 1992 Eun.
650 1949 687 1989 4.
716 1952 753 1992 7.
775 1951 814 1992 6.
845 1951 1065 2004 manipulus
1090 1954 1221 1993 furum
1250 1955 1370 2006 (quae
1400 1952 1517 1992 dictio
1544 1966 1566 1992 a
1594 1953 1712 1992 rebus
1742 1951 1977 1993 militaribus
2002 1954 2188 1994 translata

193 2016 286 2067 est).
361 2013 463 2056 Hea.
488 2015 527 2055 2.
555 2016 593 2054 3.
621 2013 659 2054 4.
687 2013 919 2054 ancillarum
946 2027 1100 2064 gregem
1116 2046 1125 2061 ,
1166 2016 1400 2068 quibuscum
1428 2016 1532 2056 cons.
1569 2014 1672 2056 Eun.
1699 2015 1737 2055 4.
1765 2017 1802 2055 7.
1828 2016 1868 2056 8.
1894 2015 1977 2055 vim
2004 2015 2189 2065 militum

193 2078 274 2118 Ad.
304 2076 341 2117 4.
367 2078 404 2117 3.
431 2078 468 2118 3.
494 2076 537 2115 in
565 2075 635 2115 illo
664 2075 870 2116 hominum
900 2090 1077 2125 numer-03
1104 2076 1205 2119 Eun.
1232 2080 1271 2119 2.
1297 2080 1335 2118 2.
1368 2079 1426 2117 17.
1454 2086 1509 2116 est
1534 2091 1657 2127 genus
1685 2076 1910 2125 bominum‚·
1931 2078 2058 2133 und.
2085 2078 2122 2117 4.
2152 2081 2188 2117 1.

192 2141 232 2183 5.
269 2152 395 2191 genus
429 2137 633 2179 hominum
670 2152 913 2191 pessumum3
942 2137 1045 2180 And.
1071 2141 1107 2180 3.
1134 2140 1172 2180 3.
1198 2139 1235 2180 4.
1262 2139 1403 2189 volgus
1428 2153 1646 2179 servorum.
1699 2137 1797 2179 Hec.
1823 2138 1862 2179 4.
1890 2145 1928 2180 2.
1955 2139 2021 2179 24.
2047 2139 2188 2191 volgus

191 2202 403 2243 mulierum
433 2224 482 2230 —-
510 2199 579 2239 ubi
605 2200 746 2251 volgus
772 2198 989 2239 maximam
1017 2212 1161 2253 partem
1199 2215 1315 2253 quam
1343 2200 1573 2239 deteriorem
1614 2201 1738 2241 solent
1769 2201 1943 2241 iudicare
1981 2200 2189 2252 significat.

192 2263 440 2308 Numer-andi
465 2272 555 2304 sunt
580 2262 623 2302 iu
650 2261 834 2315 genitivis
862 2262 1054 2317 partitivis
1092 2265 1208 2306 etiam
1236 2262 1331 2302 haec
1358 2262 1538 2316 exempla
1569 2277 1667 2315 quae
1692 2272 1843 2317 partem
1869 2262 2055 2318 temporis
2079 2277 2190 2317 spec-

195 2337 289 2379 tant,
337 2335 381 2366 ut
428 2324 529 2365 Hea.
559 2327 594 2365 l.
624 2328 660 2366 l.
690 2326 777 2366 116.
806 2335 847 2365 ut
874 2325 951 2364 diei
978 2336 1124 2380 tempus
1150 2336 1222 2376 est,
1248 2334 1286 2365 et
1312 2325 1366 2367 ib.
1393 2328 1428 2367 1.
1454 2327 1492 2366 2.
1519 2325 1583 2367 38.
1611 2335 1653 2365 ut
1679 2335 1831 2379 tempus
1858 2335 1915 2364 est
1941 2324 2034 2375 diei,
2055 2351 2099 2357 —
2119 2326 2189 2367 uhi

198 2391 305 2430 notio
329 2387 520 2444 temporis
546 2388 706 2429 notione
732 2387 811 2428 diei
837 2387 1003 2429 inferior
1027 2399 1101 2440 est,
1137 2388 1248 2430 cuius
1273 2387 1340 2428 illa
1369 2398 1516 2442 partem
1544 2388 1756 2441 significet3
1791 2388 1920 2441 itaque
1947 2388 2063 2429 etiam
2088 2388 2190 2430 Hec.

195 2451 234 2492 4.
261 2453 299 2490 2.
327 2452 387 2491 18.
415 2452 492 2491 huc
520 2451 689 2490 referas:
718 2479 745 2501 „
760 2451 853 2489 dum
877 2450 1012 2490 aetatis
1038 2461 1187 2506 tempus
1212 2451 1314 2500 tulit,
1342 2452 1541 2505 perfuncta
1568 2451 1662 2491 satis
1689 2465 1776 2489 snm
1789 2454 1818 2475 “
1845 2465 1943 2503 quae
1969 2453 2091 2491 verba
2117 2465 2188 2490 ex·

194 2513 319 2570 plico:
356 2512 446 2553 dum
483 2528 530 2554 eo
555 2512 660 2554 vitae
696 2523 871 2568 tempore
908 2512 997 2553 vixi
1025 2515 1123 2567 quod
1150 2514 1199 2554 ad
1234 2514 1470 2567 voluptatem
1510 2512 1801 2568 percipiendam
1839 2527 1911 2553 nos
1950 2512 2191 2563 adhortatur,

192 2577 433 2629 voluptatem
458 2590 481 2614 a
507 2590 571 2615 me
596 2590 678 2616 nou
703 2576 834 2616 reieci.
918 2574 974 2616 Ut
1000 2576 1042 2614 in
1069 2575 1267 2616 nonnullis
1291 2575 1464 2629 priorum
1489 2575 1761 2629 exemplorum
1788 2574 1942 2615 numeri
1970 2574 2078 2613 notio
2103 2582 2191 2614 tan-

191 2639 223 2680 ti
255 2646 338 2679 erat
363 2638 569 2687 momenti,
600 2647 643 2678 nt
669 2638 911 2679 substantiva
938 2652 1010 2692 pro
1035 2636 1299 2679 numeralibus
1326 2637 1553 2679 viderentur
1576 2637 1717 2692 positat
1745 2638 1798 2679 ita
1825 2635 2054 2692 superlativi
2082 2636 2189 2678 notio

193 2701 338 2744 summi
362 2699 551 2741 momenti
575 2710 632 2742 est
658 2701 732 2745 Ph.
761 2703 799 2743 2.
825 2703 864 2744 2.
894 2704 931 2744 3.
959 2702 1039 2753 „ad
1066 2711 1103 2742 te
1128 2715 1279 2745 summa
1307 2701 1447 2751 solnm,
1475 2700 1680 2753 Phormio,
1719 2715 1852 2742 rerum
1878 2698 1989 2740 redit.

381 2760 513 2803 Etiam
541 2777 594 2802 ex
618 2764 817 2804 adiectivis
843 2764 1128 2805 multitudinem
1152 2766 1217 2805 vel
1242 2765 1389 2817 aliquid
1415 2765 1542 2804 simile
1568 2764 1879 2817 significantibus
1905 2760 2070 2812 genitivi
2097 2774 2192 2814 par-
