2350 3086
873 108 1446 151 ⁴20-

164 242 293 281 tivum
320 236 516 291 qualitatis
543 245 582 275 et
607 247 751 275 nomen
780 246 833 272 ex
858 246 936 284 qno
962 230 1102 285 pendet
1126 232 1292 272 verbnm
1318 229 1605 270 substantivum
1631 228 1834 271 intercedit
1861 231 1968 272 And.
1994 231 2032 272 2.
2059 233 2098 272 6.
2125 233 2164 284 9.

167 302 276 341 bidui
301 308 358 338 est
384 306 453 337 aut
478 297 599 336 tridui
625 296 723 334 baec
746 292 969 333 sollicitudo
983 318 997 343 ,
1026 313 1075 321 —
1101 304 1180 345 quo
1204 294 1291 334 loco
1317 304 1369 332 ex
1396 289 1548 332 duobus
1575 289 1761 345 genitivis
1806 299 1847 331 et
1869 292 2102 336 substantivi
2130 302 2168 336 et

164 361 347 404 adiectivi
373 375 475 402 unus
513 359 645 400 factus
684 366 764 405 cst,
813 355 925 397 cuius
951 354 1099 396 similes
1123 370 1241 410 supra
1276 354 1580 395 commemorati·
1595 364 1685 394 sunt
1722 353 1913 401 eiusmodi
1948 356 2166 397 istiusmodi

161 423 245 465 alii.
309 420 425 461 conf.
457 428 665 474 praeterea
692 417 800 457 And.
827 418 866 458 5.
892 418 919 456 2
946 417 1014 456 15.
1034 415 1190 456 videtur
1215 430 1297 457 esse
1325 419 1490 464 (senex)
1529 414 1726 468 quantivis
1752 414 1867 469 pretii
1874 429 1887 464 3
1936 414 2036 458 Hea.
2065 420 2103 461 1.
2127 419 2167 459 2.

164 486 232 527 30.
258 497 317 537 sq.
344 491 551 537 parentum
590 479 761 520 iniuriae
798 477 1022 523 uniusmodi
1047 486 1138 518 sunt
1166 479 1291 520 ferme
1332 477 1453 527 (cont.
1479 476 1569 518 adn.
1595 475 1675 525 4.>;
1711 476 1765 517 ib.
1791 477 1829 517 2.
1859 476 1896 517 4.
1925 478 1961 518 7.
1987 493 2059 518 vos
2084 495 2168 522 a„

163 543 404 591 istiusmodi3
443 541 544 583 Hec.
570 543 611 582 5.
637 543 676 582 3.
706 543 743 582 1.
771 554 899 580 meam
925 553 1007 579 esse
1033 551 1193 592 operam
1219 539 1332 595 parvi
1366 537 1505 595 pretii3
1542 536 1618 580 Pb.
1645 541 1683 581 3.
1708 540 1748 580 2.
1774 538 1828 580 44
1852 553 1917 581 me
1942 539 2167 584 huiusmodi

167 621 273 658 esse3
301 629 352 638 -
378 604 489 647 And.
516 606 555 646 3.
583 604 624 646 5.
648 604 687 645 2.
712 612 794 644 tam
820 602 920 643 nulli
946 601 1084 643 consili
1106 615 1216 654 sum,
1268 614 1306 645 et
1332 603 1408 644 Ad.
1431 604 1470 645 5.
1495 603 1534 643 9.
1560 603 1615 642 20
1640 603 1774 654 quanti
1800 613 1857 643 est
1897 604 1971 651 (ef.
1997 604 2103 645 And.
2128 606 2169 645 5.

167 673 204 710 2.
235 670 320 716 1⁵.)
360 667 535 707 nominis
575 666 685 706 notio
724 665 944 706 continetur
985 663 1121 707 verbo.
1183 664 1287 708 Eun.
1312 663 1349 708 4.
1374 665 1413 707 7.
1446 664 1512 708 21.
1537 662 1624 706 loco
1661 662 1893 707 substantivi
1927 664 2168 710 infinitivum

172 734 316 776 habes:
358 732 495 786 quanti
537 741 594 772 est
633 745 780 784 sapere.
835 727 946 770 Sicut
973 742 1080 769 mera
1106 731 1245 782 copula
1258 758 1271 780 ,
1308 730 1362 769 ita
1389 728 1542 782 passiva
1581 737 1620 767 et
1657 728 1784 767 activa
1815 730 1936 768 verba
1974 730 2169 780 genitivos

169 795 370 853 qualitatis
395 793 620 847 disiungere
638 805 661 834 a
684 790 909 833 nominibus
934 789 1039 842 licet,
1074 803 1174 845 quae
1200 789 1390 834 eiusmodi
1415 804 1497 832 esse
1522 788 1586 833 vel
1612 788 1699 831 fieri
1726 787 1922 841 dicuntur,
1949 792 2052 834 unde
2078 794 2168 834 vul-

174 870 289 912 gatus
314 872 408 898 usus
434 856 600 908 genitivi
640 855 755 908 pretii
782 869 870 893 cum
896 854 1028 893 verbis
1054 855 1288 893 aestimandi
1325 853 1516 893 vendendi
1543 853 1698 891 emendi
1733 852 1928 892 similibus
1954 854 2168 894 constructi

167 918 442 977 proficiscitur.
497 915 703 958 Eiusmodi
730 915 912 970 exempla
942 915 1062 956 habes
1089 915 1199 970 baec,
1225 916 1397 972 primum
1422 914 1533 958 verbi
1558 914 1746 956 faciendi:
1776 914 1880 956 And.
1910 917 1945 956 1.
1972 917 2010 957 5.
2038 918 2103 958 58.
2131 928 2169 957 te

174 997 332 1035 semper
357 982 451 1020 fecit
471 980 651 1019 maxumi
675 978 749 1029 (ib.
775 981 820 1017 3.·
840 981 879 1017 3.
906 978 973 1018 42.
994 977 1094 1018 Hec.
1118 979 1159 1019 2.
1183 981 1224 1020 2.
1251 979 1338 1026 18.)
1365 977 1464 1017 Hea.
1490 977 1528 1018 4.
1552 978 1589 1017 5.
1617 976 1680 1017 40.
1706 977 1820 1031 aequi
1847 976 2016 1031 bonique
2041 978 2167 1026 facim

179 1043 258 1087 Ad.
285 1043 324 1085 2.
352 1044 389 1085 l.
416 1041 451 1082 9.
481 1039 596 1081 buius
623 1054 701 1080 non
729 1038 887 1091 faciam,
930 1062 979 1069 --
1005 1054 1057 1079 ex
1085 1039 1273 1092 genitivis
1296 1041 1399 1082 baud
1430 1054 1572 1094 paucos
1611 1054 1726 1093 supra
1754 1039 1926 1080 vidimus
1962 1040 2030 1093 qui
2057 1052 2169 1082 erant

173 1105 409 1159 pronomina
433 1118 525 1154 geu.
543 1111 668 1141 neutr.
696 1110 734 1140 et
754 1115 775 1140 e
792 1101 1072 1140 sententiarum
1099 1115 1209 1142 nexu
1233 1101 1490 1155 intelligendi,
1516 1103 1557 1143 h.
1583 1102 1610 1143 l.
1634 1099 1811 1153 „buius“
1836 1100 1871 1142 si
1897 1100 1991 1142 dicit
2017 1099 2169 1146 Sannio

176 1183 255 1210 non
283 1164 428 1209 omittit
453 1164 689 1207 vocabulum
715 1164 856 1216 ullum,
895 1163 963 1205 sed
990 1164 1121 1206 verbis
1145 1164 1227 1206 suis
1248 1165 1352 1206 baud
1380 1165 1497 1206 dubie
1522 1164 1628 1205 addit
1653 1163 1868 1215 digitorum
1894 1175 2043 1205 motum
2069 1166 2170 1206 sicut

172 1245 245 1269 nos
262 1229 457 1268 dicentesz
483 1229 620 1278 ‘ourani
645 1228 727 1280 gebe
754 1227 802 1277 id)
834 1228 918 1278 aud)
946 1227 1036 1278 nicht
1062 1227 1186 1277 fonitll
1222 1227 1347 1276 (conf.
1375 1225 1502 1268 Bentl.
1519 1227 1581 1268 ad.
1611 1226 1716 1267 And.
1733 1227 1774 1268 2.
1790 1227 1829 1267 2.
1852 1226 1915 1268 15.
1940 1235 1978 1267 et
2005 1225 2166 1269 Rubnk.

167 1292 216 1333 ad
243 1291 283 1334 h.
308 1291 374 1340 1.).
428 1288 682 1331 Comicorum
710 1287 908 1342 genitivus
934 1317 963 1341 „
976 1289 1087 1331 flocci
1100 1292 1129 1315 “
1167 1289 1235 1344 qui
1261 1289 1470 1331 ridiculose
1496 1289 1690 1342 significat
1728 1289 1923 1340 „minimi
1949 1290 2065 1344 pretii
2076 1294 2105 1317 “
2129 1301 2167 1330 et

173 1353 407 1395 substantivi
433 1354 563 1393 forma
590 1353 686 1392 duas
710 1351 902 1405 exprimit
927 1352 1103 1391 notiones
1128 1352 1229 1392 sicut
1251 1352 1418 1405 genitivi
1444 1351 1542 1392 tanti
1573 1352 1707 1405 quanti
1733 1351 1802 1391 alii
1827 1352 1944 1392 modo
1968 1352 2169 1394 invenitur

172 1413 381 1468 negatione
409 1413 584 1468 apposita
611 1413 728 1454 modo
753 1428 849 1464 non,
875 1422 918 1453 ut
944 1411 1046 1455 Eun.
1070 1416 1108 1455 2.
1123 1415 1163 1455 2.
1192 1416 1262 1455 12:
1289 1424 1372 1454 tum
1399 1424 1529 1455 autem
1554 1414 1621 1466 qui
1646 1414 1759 1454 illum
1785 1415 1898 1454 flocci
1923 1415 2099 1464 fecerim,
2118 1440 2167 1445 —-

171 1477 345 1518 Chaerea
372 1476 570 1528 virginem
595 1476 811 1516 formosam
841 1475 883 1514 in
912 1474 977 1515 via
1006 1485 1248 1531 conspectam
1275 1474 1519 1516 velocissime
1545 1474 1772 1516 subsecutus
1796 1490 1819 1516 a
1846 1490 1938 1517 sene
1963 1485 2020 1517 est
2046 1486 2171 1518 retar-

171 1540 281 1579 datus
307 1553 379 1579 nec
407 1539 548 1579 deinde
566 1539 736 1592 amplius
762 1538 872 1577 illam
900 1547 1094 1579 assecutus
1118 1536 1311 1593 primum:
1339 1536 1470 1587 lllum,
1496 1537 1637 1590 inquit,
1663 1537 1705 1576 di
1723 1537 1892 1590 deaeque
1917 1552 2066 1578 omnesv
2080 1553 2171 1593 per-

168 1603 284 1653 dant,
334 1601 475 1642 deiude
502 1600 581 1642 sibi
608 1599 807 1642 maledicit
833 1599 917 1655 ipse
944 1601 1012 1654 qui
1048 1600 1230 1642 restiterit
1270 1610 1309 1641 et
1334 1599 1445 1640 illum
1471 1600 1583 1640 flocci
1610 1600 1759 1642 fecerit.
1823 1600 1978 1640 Deinde
2004 1602 2169 1641 verbum

170 1663 366 1718 pendendi
393 1663 602 1702 habemus:
631 1662 738 1704 And.
766 1664 805 1703 3.
832 1664 871 1703 2.
898 1662 962 1702 46.
989 1663 1099 1717 parvi
1125 1666 1254 1717 pendo
1282 1662 1401 1712 (Hea.
1424 1661 1463 1702 4.
1490 1664 1527 1702 3.
1554 1663 1627 1711 373
1660 1660 1757 1703 Hec.
1784 1665 1823 1704 3.
1849 1663 1887 1702 5.
1915 1663 2001 1711 63.)
2026 1663 2105 1704 Ad.
2131 1665 2170 1706 5.

172 1727 211 1768 4.
238 1726 304 1767 25.
332 1724 470 1777 magni
497 1724 617 1778 pendi
643 1725 818 1779 postulo;
846 1723 947 1765 Eun.
978 1729 1012 1765 l.
1039 1727 1075 1767 2.
1103 1726 1162 1768 14.
1189 1725 1304 1765 nihili
1330 1725 1539 1779 penderem
1566 1724 1664 1772 (Ad.
1692 1726 1729 1764 3.
1757 1723 1794 1764 4.
1821 1724 1899 1773 6.);
1935 1722 2036 1766 Heu.
2068 1727 2102 1766 l.
2131 1727 2168 1766 l.

173 1788 262 1828 103.
293 1786 429 1840 quanti
457 1786 669 1841 penderes;
695 1784 799 1827 Eun.
817 1788 856 1828 3.
878 1789 912 1828 l.
939 1788 990 1827 21
1019 1802 1089 1839 ego
1114 1802 1196 1829 non
1223 1786 1336 1828 flocci
1362 1786 1542 1841 pendere.
1597 1785 1776 1826 Verbum
1799 1785 1972 1826 emendi:
2001 1785 2102 1826 Eun.
2129 1787 2170 1827 5.

169 1850 207 1890 4.
227 1850 291 1891 15.
310 1848 448 1901 quanti
475 1848 642 1899 (emit)?
671 1847 770 1896 (Ad.
787 1849 826 1888 2.
845 1850 885 1889 2.
903 1847 1004 1900 41.),
1029 1850 1106 1892 Ad.
1132 1852 1171 1891 2.
1189 1852 1230 1893 l.
1244 1848 1309 1891 46.
1337 1849 1533 1888 tandidem
1552 1857 1744 1902 emptam;
1771 1849 1935 1889 verbum
1952 1847 2171 1888 redimendi

170 1910 273 1951 Eun.
301 1912 336 1951 1.
362 1912 397 1951 1.
421 1910 486 1950 30.
513 1923 603 1950 cum
620 1908 799 1962 genitivo
817 1911 954 1963 quanti
973 1910 1234 1964 coniungitur,
1258 1920 1462 1967 postquam
1481 1909 1524 1950 in
1550 1910 1687 1951 eodem
1706 1926 1822 1952 versu
1842 1910 2034 1953 ablativus
2053 1911 2169 1965 pretii

175 1974 236 2013 bis
262 1972 486 2014 antecessit:
513 1971 711 2022 minnmo,
738 1972 914 2025 paullulo
922 1991 938 2021 ,-
965 1974 1047 2013 etis
1072 1975 1212 2016 unicus
1227 1976 1336 2016 locus
1360 1983 1417 2014 est
1434 1987 1513 2027 quo
1539 1974 1640 2029 apud
1657 1973 1891 2014 Terentium
1916 1974 2022 2014 hunc
2038 1987 2172 2015 casum

175 2035 326 2078 inveni.
364 2033 449 2076 Nec
470 2033 537 2087 qui
564 2034 713 2074 factum
733 2033 784 2074 sit
799 2043 843 2073 ut
856 2034 992 2075 eodem
1015 2037 1099 2077 loco
1126 2046 1289 2091 utraque
1315 2035 1600 2077 constructione
1617 2038 1730 2091 poeta
1753 2050 1846 2077 usus
1868 2036 1919 2077 sit
1943 2036 2080 2088 fugere
2097 2049 2170 2076 nos

177 2103 327 2151 potest3
355 2098 408 2137 ita
436 2097 542 2136 enim
566 2096 632 2136 hic
650 2106 907 2138 consueverat
932 2098 1047 2138 talem
1064 2099 1179 2153 pretii
1202 2098 1529 2152 significationem
1549 2097 1773 2151 qualitatem
1790 2098 1963 2139 iudicare
1983 2108 2027 2138 ut
2052 2111 2173 2152 quum

173 2158 346 2214 pretium
385 2158 444 2199 bis
482 2158 676 2200 statuisset
712 2159 755 2200 id
796 2175 873 2213 quo
901 2175 942 2201 se
980 2162 1186 2203 redimeret
1224 2160 1340 2201 tertio
1375 2160 1462 2201 loco
1497 2159 1688 2204 usitatam.
1719 2160 1926 2202 dictionem
1970 2167 2173 2214 repeteret.

171 2222 310 2263 Addas
337 2222 417 2262 Ad.
444 2222 484 2264 2.
511 2225 548 2263 1.
575 2221 628 2262 49
652 2225 745 2263 dare
770 2222 885 2274 tanti,
914 2232 951 2263 et
969 2226 1130 2266 eundem
1149 2222 1370 2278 genitivum
1395 2223 1561 2263 verbum
1586 2222 1845 2277 impersonale
1870 2223 1990 2264 refert
2007 2232 2176 2274 sequen-

171 2296 273 2325 tem:
304 2283 381 2324 Ph.
409 2283 446 2323 4.
473 2285 511 2322 3.
538 2282 603 2323 41.
629 2284 744 2335 parvi
772 2285 904 2323 retulit
934 2300 1012 2324 nou
1038 2286 1266 2341 suscepisse,
1287 2284 1325 2324 4.
1352 2286 1390 2325 5.
1420 2287 1467 2324 11
1495 2293 1534 2324 ct
1559 2286 1596 2324 5.
1623 2287 1661 2324 3.
1691 2287 1754 2325 17.
1778 2284 1927 2336 magni.
1945 2306 1996 2315 —-

360 2344 644 2398 Quaecumque
669 2344 796 2386 adhuc
815 2346 966 2400 prolata
984 2358 1072 2389 sunt
1093 2346 1261 2401 genitivi
1297 2346 1493 2401 qualitatis
1524 2349 1719 2403 exempla,
1746 2346 1982 2389 Terentium
2000 2351 2171 2400 priorem

177 2424 217 2449 v.
245 2408 497 2450 vetustiorem
537 2421 652 2455 usum
680 2421 763 2447 esse
801 2408 941 2447 tuitnm
968 2409 1253 2461 demonstrant,
1297 2424 1422 2462 neque
1461 2409 1582 2461 igitur
1620 2409 1883 2457 dubitabimus
1918 2408 2012 2461 quin
2049 2422 2173 2448 unum

129 2500 133 2503 «
176 2470 308 2511 locum
332 2469 392 2509 illi
416 2469 501 2521 legi
528 2482 817 2523 repugnantem
852 2469 957 2510 haud
986 2469 1181 2526 integrum
1208 2471 1257 2512 ad
1284 2485 1356 2513 nos
1382 2471 1607 2526 pervenisse
1633 2479 1857 2513 statuamus.
1910 2469 2046 2512 Potest
2069 2477 2174 2510 certe

173 2532 264 2574 fieri
291 2542 334 2572 ut
356 2532 551 2585 qualitatis
576 2532 755 2585 genitivo
780 2533 873 2574 finis
899 2534 948 2574 ad
976 2549 1087 2588 quem
1114 2534 1217 2577 aetio
1242 2535 1430 2588 quaedam
1457 2544 1600 2590 spectet
1624 2533 1880 2587 significetur,
1908 2543 1950 2574 ut
1976 2534 2047 2574 illo
2072 2530 2174 2572 Gae-

170 2595 273 2637 saris
299 2593 422 2636 dicto:
463 2609 582 2637 naves
611 2609 709 2649 quas
734 2595 797 2637 sui
823 2596 988 2650 quisque
1014 2596 1209 2640 commodi
1235 2597 1398 2648 fecerat3
1436 2612 1509 2639 nec
1543 2605 1676 2638 tamen
1701 2597 1907 2651 quisquam
1939 2604 2045 2636 recte
2070 2592 2173 2634 dicat

168 2657 337 2711 genitivi
362 2669 476 2697 casus
500 2672 583 2699 esse
608 2660 731 2699 finem
755 2658 1014 2714 exprimere3.
1029 2675 1103 2714 qua
1129 2675 1178 2703 re
1199 2658 1281 2703 Ad.
1308 2660 1346 2702 2.
1373 2659 1410 2702 4.
1436 2661 1474 2702 6.
1501 2674 1558 2714 sq.
1585 2658 1655 2700 ubi
1683 2674 1774 2703 mss.
1799 2658 2013 2701 exhibent:

283 2720 353 2762 Ab
378 2732 523 2761 vereor
548 2735 680 2764 eoram
707 2721 750 2761 in
779 2736 823 2762 os
848 2731 887 2763 te
913 2723 1077 2766 laudare
1101 2723 1285 2780 amplius,
1319 2759 1323 2764 .

280 2782 343 2825 Ne
368 2782 409 2824 id
431 2782 659 2824 adsentandi
686 2784 813 2838 magis
838 2799 955 2838 quam
981 2800 1060 2840 quo
1084 2787 1252 2830 babeam
1276 2794 1431 2839 gratum
1455 2787 1586 2829 facere
1611 2785 1834 2828 existumet.
